@book{axler,
author = {S. Axler},
year = {1996}, 
title = {Linear Algebra Done Right}, 
publisher = {Springer-Verlag, {ISBN} 0-387-98258-2},
}

@unpublished{djuejor,
author = {L. H\"ame and H. Hakula},
title = {Dynamic Journeying Under Uncertainty},
note = {Manuscript submitted to EJOR},
year = {2012},
}

@article{bellman,
author = {R. Bellman},
title = {A Markovian Decision Process},
journal = {Journal of Mathematics and Mechanics},
number = {6},
year = {1957},
}


@book{ritzerveld,
author = {N. G. H. Ritzerveld},
year = {2007}, 
publisher = {Doctoral Thesis, Leiden University},
}

@article{chiang,
author = {Y. S. Chiang and and P. O. Roberts},
year = {1980},
title = {A note on transit time and reliability for regular-route trucking},
journal = {Transport Research Part B},
volume = {14s},
number = {1-2},
pages = {59-65},
}


@article{jula,
author = {H. Jula and M. Dessouky and P. A Ioannou},
title = {Truck route planning in nonstationary stochastic networks with time windows at customer locations},
journal = {IEEE Transactions on Intelligent Transportation Systems}, 
volume = {7},
number = {1},
pages = {51-62},
year = {2006},
}

@article{kao,
author = {E. P. C. Kao}, 
title = {A preference order dynamic program for a stochastic traveling salesman problem},
journal = {Operations Research},
volume = {26},
number = {6},
pages = {1033-1045}, 
year = {1978},
}

@article{kenyon,
author = {A. S. Kenyon and D. P. Morton},
title = {Stochastic vehicle routing with random travel times},
journal = {Transportation Science}, 
volume = {37},
number = {1},
pages = {69-82},
year = {2003},
}

@article{russell,
author = {R. A. Russell and T. L. Urban},
title = {Vehicle routing with soft time windows and erlang travel times},
journal = {Journal of the Operational Research Society}, 
volume = {59},
pages = {1220-1228}, 
year = {2007},
}


@article{mulley,
journal = {Research in Transportation Economics},
volume = {25},
number = {1},
year = {2009},
pages = {39 - 45},
author = {C. Mulley and J. D. Nelson}, 
}

@article{palma,
author = {A. de Palma and N. Picard},
journal = {Transportation Research Part A: Policy and Practice},
volume  = {39}, 
number = {4},
year = {2005},
pages = {295 - 324},
}


@Electronic{hkl,
	title = "Helsinki City Transport Annual Reports",
	author = "{Helsinki City Transport}",
	journal = "http://www.hel.fi/hki/hkl/en/About+HKL/Annual+Reports",
	month = nov,
	year = "2011",
	url = "http://www.hel.fi/hki/hkl/en/About+HKL/Annual+Reports"
}



@Electronic{ jouko,
	title = "Jouko neighbourhood routes and service routes",
	author = "{Helsinki Region Traffic}",
	journal = "http://www.hsl.fi/EN/passengersguide/ServiceroutesandJoukoroutes/",
	month = oct,
	year = "2010",
	url = "http://www.hsl.fi/EN/passengersguide/ServiceroutesandJoukoroutes/"
}

@conference{preciado,
title = {Asymptotic Analysis of Quadratic Error of Consensus in Large-Scale Random Directed Networks},
author = {V. M. Preciado and A. Tahbaz-Salehi and A. Jadbabaie},
booktitle = {Forty-Seventh Annual Allerton Conference, Allerton House, UIUC, Illinois, USA},
year = {2009},
}


@article{bander2002,
author = {J. L. Bander and C. C. {White III}}, 
title = {A heuristic search approach for a nonstationary shortest path problem with terminal costs},
journal = {Transportation Science},
volume = {36},
year = {2002},
pages = {218-230},
}

@article{nie,
title = {Shortest path problem considering on-time arrival probability},
author = {Y. M. Nie and X. Wu},
journal = {Transportation Research Part B},
volume = {43},
year = {2009},
pages = {597-613},
}

@article{kim2005a,
author = {S. Kim and M.E. Lewis and C.C. {White III}}, 
title = {Optimal vehicle routing with real-time traffic information}, 
journal = {IEEE Transactions on Intelligent Transportation Systems},
volume = {6},
number = {2},
year = {2005},
pages = {178-188},
}
@article{kim2005b,
author = {S. Kim and M.E. Lewis and C. C. {White III}}, 
title = {State space reduction for non-stationary stochastic shortest path problems with real-time traffic congestion information}, 
journal = {IEEE Transactions on Intelligent Transportation Systems},
volume = {6},
number = {3},
year = {2005},
pages = {273-284},
}

@article{azaron,
author = {A. Azaron and F. Kianfar},
title = {Dynamic shortest path in stochastic dynamic networks: Ship routing problem}, 
journal = {European Journal of Operational Research},
volume = {144},
year = {2003},
pages = {138-156},
}

@article{ferris,
author = {M. C. Ferris and A. Ruszczynski},
title = {Robust path choice in networks with failures}, 
journal = {Networks},
volume = {35},
year = {2000},
pages = {181-194},
}

@article{bertsekas,
author = {D.P. Bertsekas},
title = {Dynamic Programming and Optimal Control, vol. 2},
publisher = {Athena Scientific, Belmont, MA},
year = {1995},
}

@article{powell1996,
author = {W. B. Powell}, 
title = {A stochastic formulation of the dynamic assignment problem, with an application to truckload motor carriers},
journal = {Transportation Science},
volume = {30},
year = {1996},
pages = {195-219},
}

@conference{boyan,
author = {J. Boyan and M. Mitzenmacher},
title = {Improved results for route planning in stochastic transportation networks},
booktitle = {Proceedings of the Twelfth Annual Symposium on Discrete Algorithms},
year = {2001},
pages = {895-902},
}

@conference{datar,
author = {M. Datar and A. Ranade},
title = {Commuting with delay prone buses},
booktitle = {Proceedings of the Eleventh Annual ACM-SIAM Symposium on Discrete Algorithms},
year = {2000},
pages = {22-29},
}

@article{davies,
author = {C. Davies and P. Lingras}, 
title = {Genetic algorithms for rerouting shortest paths in dynamic and stochastic networks},
journal = {European Journal of Operational Research},
volume = {144},
year = {2003},
pages = {27-38},
}

@article{cheung,
author = {R. K. Cheung}, 
title = {Iterative methods for dynamic stochastic shortest path problems},
journal = {Naval Research Logistics},
volume = {45},
year = {1998},
pages = {769-789}
}

@article{cheung2000,
author = {R. K. Cheung and B. Muralidharan},
title = {Dynamic routing for priority shipments in LTL service networks},
journal = {Transportation Science},
volume = {34},
year = {2000},
pages = {86-98},
}

@article{polychronopoulos,
author = {G. H. Polychronopoulos and J. N. Tsitsiklis}, 
title = {Stochastic shortest path problems with recourse},
journal = {Networks},
volume = {27},
year = {1996},
pages = {133-143},
}

@article{miller-hooks2000,
author = {E. D. Miller-Hooks and H. S. Mahmassani},
title = {Least expected time paths in stochastic, time-varying transportation networks},
journal = {Transportation Science},
volume = {34},
year = {2000},
pages = {198-215},
}

@article{miller-hooks,
author = {E.D. Miller-Hooks and H. S. Mahmassani}, 
title = {Least possible time paths in stochastic, time-varying transportation networks}, 
journal = {Computers \& Operations Research},
volume = {25},
year = {1998},
pages = {1107-1125},
}

@article{fu1998,
author = {L. Fu and L. Rillet}, 
title = {Expected shortest paths in dynamic and stochastic traffic networks}, 
journal = {Transportation Research},
volume = {32},
number = {7},
year = {1998},
pages = {499-516},
}

@inproceedings{nikolova2006b,
author = {E. Nikolova and M. Brand and D. Karger}, 
title = {Optimal route planning under uncertainty},
booktitle = {Proceedings of International Conference on Planning and Scheduling, Lake District, England},
year = {2006},
}

@conference{nikolova2006a,
author = {E. Nikolova and J. Kelner and M. Brand and M. Mitzenmacher},
title = {Stochastic shortest paths via quasi-convex maximization},
booktitle = {Proceedings of European Symposium of Algorithms, Zurich, Switzerland},
year = {2006},
pages = {552-563},
}

@article{thomas,
author = {B. Thomas and C. White},
title = {The dynamic shortest path problem with anticipation},
journal = {European Journal of Operational Research},
volume = {176},
number = {2},
year = {2007},
pages = {836-854},
}

@article{das,
title = {Stochastic shortest path with unlimited hops},
author = {A. Das and C. Martel},
journal = {Information Processing Letters},
volume = {109},
year = {2009},
pages = {290-295},
}

@article{waller,
author = {S. Waller and A. Ziliaskopoulos}, 
title = {On the online shortest path problem with limited arc cost dependencies},
journal = {Networks},
volume = {40},
number = {4},
year = {2002},
pages = {216-227},
}

@article{fan2005a,
author = {Y. Fan and R. Kalaba and J. Moore},
title = {Shortest paths in stochastic networks with correlated link costs}, 
journal = {Computers and Mathematics with Applications},
volume = {49},
year = {2005},
pages = {1549-1564},
}

@article{fan2005b,
author = {Y. Fan and R. Kalaba and J. Moore}, 
title = {Arriving on time}, 
journal = {Journal of Optimization Theory and Applications},
volume = {127},
number = {3},
year = {2005},
pages = {497-513},
}

@article{hall,
title = {The Fastest Path through a Network with Random Time-Dependent Travel Times},
author = {R. W. Hall},
journal = {Transportation science},
volume = {20},
number = {3},
year = {1986},
pages = {182-188},
} 

@article{mirchandani,
author = {P. B. Mirchandani and H. Soroush},
year = {1985},
title = {Optimal paths in probabilistic networks: A case with temporary preferences},
journal = {Computers \& Operations Research},
volume = {12},
pages = {365-383},
}

@article{bard,
author = {J. F. Bard and J. E. Bennett},
year = {1991},
title = {Arc reduction and path preference in stochastic acyclic networks}, 
journal = {Management Science},
volume = {37},
number = {2},
pages = {198-215},
}


@article{frieze,
author = {A. Frieze and G. Grimmett},
title = {The shortest-path problem for graphs with random arc-lengths},
journal = {Discrete Applied Mathematics},
volume = {10},
year = {1985},
pages = {57-77},
}

@article{grimmett,
author = {G. R. Grimmett and D. J. Welsh}, 
title = {Flow in networks with random capacities}, 
journal = {Stochastics},
volume = {7},
year = {1982},
pages = {205-229},
}

@article{martin,
author = {J. J. Martin}, 
title = {Distribution of time through a directed acyclic network},
journal = {Operations Research},
volume = {13},
year = {1965},
pages = {46-66},
}

@article{kulkarni,
author = {V. G. Kulkarni},
title = {Shortest paths in networks with exponentially distributed arc lengths},
journal = {Networks},
volume = {16},
year = {1986},
pages = {255-274},
}

@article{peer,
title = {Finding the shortest path in stochastic networks},
author = {S.K. Peer and D. K. Sharma},
journal = {Computers and Mathematics with Applications},
volume = {53},
year = {2007},
pages = {729-740},
}

@article{jaillet,
author = {P. Jaillet},
year = {1992},
title = {Shortest path problems with node failures},
journal = {Networks},
volume = {22},
pages = {589-605},
}

@article{kamburowski,
author = {J. Kamburowski},
year = {1985},
title = {A note on the Stochastic Shortest Route Problem}, 
journal = {Operations Research},
volume = {33},
number = {6},
pages = {696-698},
}

@article{adlakha,
author = {V.G. Adlakha},
year = {1986},
title = {An improved conditional Monte Carlo technique for stochastic shortest route problem}, 
journal = {Management Science},
volume = {32},
number = {10},
pages = {1360-1367},
}

@article{sigal,
author = {C. E. Sigal and A. A. B. Pritsker and J. J. Solberg},
year = {1980},
title = {The stochastic shortest route problem},
journal = {Operations Research},
volume = {28},
number = {5},
pages = {1122-1129},
}

@book{andreatta,
author = {G. Andreatta and F. Ricaldone and L. Romeo},
title = {Exploring stochastic shortest path problems},
publisher = {AIII Giornale di Lavaro, Tecnoprint, Bologna, Italy},
year = {1985},
}

@article{frank,
author = {H. Frank},
year = {1969},
title = {Shortest paths in probabilistic graphs},
journal = {Operations Research},
volume = {17},
pages = {583-599},
}

@article{loui,
author = {R. P. Loui},
year = {1983},
title = {Optimal paths in graphs with stochastic or multidimensional weights},
journal = {Communications of the ACM},
volume = {26},
pages = {670-676},
}

@article{murthy,
title = {Exact algorithms for the stochastic shortest path problem with a decreasing deadline utility function},
author = {I. Murthy and S. Sarkar},
journal = {European Journal of Operational Research},
volume = {103},
year = {1997},
pages = {209-229},
}

@article{psaraftis93,
author = {H. E. Psaraftis and J. N. Tsitsiklis},
year = {1993}, 
title = {Dynamic shortest paths in acyclic networks with Markovian arc costs}, 
journal = {Operations Research},
volume = {41},
number = {1},
pages = {91-101},
}


@article{fosgerau,
title = {The value of reliability},
author = {M. Fosgerau and A. Karlstr\"om},
journal = {Transportation Research Part B},
volume = {44},
year = {2010},
pages = {38-49},
}

@article{small,
author = {K.A. Small and C. Winston and J. Yan},
year = {2005},
title = {Uncovering the distribution of motorists' preferences for travel time and reliability},
journal = {Econometrica},
volume = {73},
number = {4},
pages = {1367-1382},
}

@article{lam,
title = {The value of time and reliability: measurement from a value pricing experiment},
author = {T. C. Lam and K. A. Small}, 
journal = {Transportation Research Part E: Logistics and Transportation Review},
volume = {37}, 
number = {2-3},
year = {2001},
pages = {231-251},
}

@article{brownstone,
author = {D. Brownstone and K. A. Small},
title = {Valuing time and reliability: assessing the evidence from road pricing demonstrations},
journal = {Transportation Research Part A},
volume = {39},
year = {2005},
pages = {279-293},
}

@article{androutsopoulos,
title = {Solving the multi-criteria time-dependent routing and scheduling problem in a multimodal fixed scheduled network},
author = {K. N. Androutsopoulos and K. G. Zografos},
journal = {European Journal of Operational Research},
volume = {192},
year = {2009},
pages = {18-28},
}

@article{chen,
author = {B. Y. Chen and W. H. K. Lam and M. L.Tam},
title = {Modeling Departure Time and Route Choice Problems in Stochastic Road Networks for Online ATIS Applications},
pages = {1768-1777},
journal = {Journal of the Eastern Asia Society for Transportation Studies},
volume = {8},
year = {2009},
}

@article{lee,
author = {W. H. Lee and S. S. Tseng and S. H. Tsai},
year = {2009},
title = {A knowledge based real-time travel time prediction system for urban network},
journal = {Expert Systems with Applications}, 
volume = {36}, 
number = {3},
pages = {4239-4247},
}

@article{zografos,
author = {K. G. Zografos and K. N. Androutsopoulos},
title = {Algorithms for Itinerary Planning in Multimodal Transportation Networks},
journal = {{IEEE} Transactions on Intelligent Transportation Systems},
volume = {9},
number = {1},
year = {2008},
}

@article{adler,
author = {J. Adler and V. Blue}, 
title = {Toward the design of intelligent traveler information systems},
journal = {Transp. Res. Part C}, 
volume = {6},
number = {3},
pages = {157-172},
year = {1998},
}

@article{peng,
author = {Z. R. Peng and R. Huang},
title = {Design and development of interactive trip planning for web-based transit information systems},
journal = {Transp. Res. Part C},
volume = {8},
number = {1},
pages = {409-425},
year = {2000},
}

@article{peng2,
author = {Z. R. Peng},
title = {A methodology for design of GIS-based automatic transit traveler information systems},
journal = {Comput. Environ. Urban Syst.},
volume = {21},
number = {5},
pages = {359-372},
year = {1997},
}

@book{casey,
author = {R. F. Casey and L. N. Labell and S. P. Prensky and C. L. Schweiger},
title = {Advanced Public Transportation Systems: The State of the Art Update 98},
publisher = {Washington, DC: Fed. Transit Admin.},
year = {1998},
}

@article{lo,
author = {H. K. Lo and C. W. Yip and B. Mak},


title = {Passenger route guidance system for multi-modal transit networks},
journal = {J. Adv. Transp.},
volume = {39},
number = {3},
pages = {271-288},
year = {2005},
}

@article{caulfield,
author = {B. Caulfield and M. OMahony},
title = {An examination of the public transport information requirements of users},
journal = {IEEE Trans. Intell. Transp. Syst.},
volume = {8},
number = {1},
pages = {21-30},
year = {2007},
}

@article{rehl,
author = {K. Rehrl and S. Bruntsch and H. J. Mentz}, 
title = {Assisting multimodal travelers: Design and prototypical implementation of a personal travel companion},
journal = {IEEE Trans. Intell. Transp. Syst.}, 
volume = {8},
number = {1},
pages = {31-42},
year = {2007},
}

@article{pattanamekar,
author = {P. Pattanamekar and D. Park and L. Rilett and J. Lee and and C. Lee}, 
title = {Dynamic and stochastic shortest path in transportation networks with two components of travel time uncertainty},
journal = {Transp. Res. Part C}, 
volume = {11},
number = {5},
pages = {331-354},
year = {2003},
}

@incollection{hansen,
author = {P. Hansen}, 
title = {Bicriterion path problems}, 
booktitle = {Multiple Criteria Decision Making Theory and Application}, 
volume = {177},
publisher = {Berlin, Germany: Springer-Verlag}, 
year = {1978}, 
pages = {109-127},
}

@article{wong1998,
author = {S. C. Wong and C. O. Tong}, 
title = {Estimation of time-dependent origin-destination matrices for transit networks},
journal = {Transp. Res. Part B},
volume = {32},
number = {1},
pages = {35-48},
year = {1998},
}

@article{modesti,
author = {P. Modesti and A. Siomachen}, 
title = {A utility measure for finding multiobjective shortest paths in urban multimodal transportation networks},
journal = {Eur. J. Oper. Res.}, 
volume = {111},
number = {3},
pages = {495-508},
year = {1998},
}

@inproceedings{huang,
author = {R. Huang and Z. R. Peng},
title = {An integration of network data model and routing algorithms for online transit trip planning},
booktitle = {Proc. 80th Annu. Meeting Transp. Res. Board}, 
publisher = {Washington, DC},
year = {2001},
}

@inproceedings{huang2,
author = {R. Huang and Z. R. Peng}, 
title = {Schedule-based path finding algorithms for online transit trip planning},
booktitle = {Proc. 81st Annu. Meeting Transp. Res. Board}, 
publisher = {Washington, DC},
year = {2002},
}

@article{horn2003,
author = {M. Horn},
title = {An extended model and procedural framework for planning multi-modal passenger journeys},
journal = {Transp. Res. Part B}, 
volume = {37},
number = {7},
pages = {641-660},
year = {2003},
}

@article{tong,
author = {C. O. Tong and A. J. Richardson},
title = {A computer model for finding the timedependent minimum path in transit systems with fixed schedules},
journal = {J. Adv. Transp.},
volume = {18},
number = {2},
pages = {145-161},
year = {1984},
}

@article{tong2,
author = {C. O. Tong and S. C. Wong}, 
title = {A stochastic transit assignment model using a dynamic schedule-based network},
journal = {Transp. Res. Part B}, 
volume = {33},
number = {2},
pages = {107-121},
year = {1999},
}


@article{bander,
author = {J. Bander and C. C. White},
title = {A new route optimization algorithm for rapid decision support},
journal = {Proc. Vehicle Navigat. Inf. Syst. Conf. Part 2},
year = {1991},
volume = {P-253},
pages = {709-728},
}

@article{koncz,
author = {N. Koncz and J. Greenfeld and K. Mouskos}, 
title = {A strategy for solving static multiple-optimal-path transit network problems},
journal = {J. Transp. Eng.},
volume = {122}, 
number = {3},
pages = {218-225},
year = {1996},
}

@article{tan,
author = {M. C. Tan and C. O. Tong and S. C. Wong and J. Xu},
title = {An algorithm for finding reasonable paths in transit networks},
journal = {J. Adv. Transp.}, 
volume = {41}, 
number = {3},
pages = {285-305}, 
year = {2007},
}

@article{ziliaskopoulos,
author = {A. Ziliaskopoulos and W. Wardell},
title = {An intermodal optimum path algorithm for multimodal networks with dynamic arc travel times and switching delays},
journal = {Eur. J. Oper. Res.},
volume = {125},
number = {3},
pages = {486-502},
year = {2000},
}

@article{berube,
author = {J. Bérubé and J. Potvin and J. Vaucher},
title = {Time-dependent shortest paths through fixed sequence of nodes: Application to a travel planning problem},
journal = {Comput. Oper. Res.},
volume = {33}, 
number = {6},
pages = {1838-1856},
year = {2006},
}

@article{cooke,
author = {K. L. Cooke and E. Halsey},
title = {The shortest route through a network with time-dependent intermodal transit times},
journal = {J. Math. Anal. Appl.}, 
volume = {14},
pages = {493-498},
year = {1966},
}

@article{ziliaskopoulos2,
author = {A. Ziliaskopoulos and H. Mahmassani},
title = {Time-dependent, shortest-path algorithm for real-time intelligent vehicle highway system applications},
journal = {Transp. Res. Rec.},
volume = {1408},
pages = {94-100},
year = {1993},
}

@article{cai,
author = {X. Cai and T. Kloks and C. K. Wong}, 
title = {Time-varying shortest path problems with constraints},
journal = {Networks},
volume = {29},
number = {3},
pages = {141-149},
year = {1997},
}

@article{chabini,
author = {I. Chabini},
title = {Discrete dynamic shortest path problems in transportation applications},
journal = {Transp. Res. Rec.},
volume = {1645},
pages = {170-175},
year = {1998},
}
@article{kostreva,
author = {M. Kostreva and M. Wiecek}, 
title = {Time dependency in multiple objective dynamic programming},
journal = {J. Math. Anal. Appl.},
volume = {173},
number = {1},
pages = {289-307},
year = {1993},
}

@article{hamacher,
author = {H. Hamacher and S. Ruzika and S. Tjandra}, 
title = {Algorithms for time-dependent bicriteria shortest path problems},
journal = {Discrete Optim.},
volume = {3},
number = {3},
pages = {238-254},
year = {2006},
}



@ARTICLE{agosti,
  author = {M. Agosti and L. Pretto},
  title = {A Theoretical Study of a Generalized Version of Kleinberg's HITS
	Algorithm},
  journal = {Information Retrieval},
  year = {2005},
  volume = {8},
  pages = {219-243}
}

@BOOK{aizerman,
  title = {Theory of choice},
  publisher = {North-Holland Publishing Co. Amsterdam},
  year = {1995},
  author = {M. Aizerman and F. Aleskerov},
  pages = {x+314},
  incollection = {Studies in Mathematical and Managerial Economics 38}
}

@conference{andre,
author = {P. André and M. L. Wilson and A. Owens and D.A. Smith},
title = {Journey planning based on user needs},
booktitle = {CHI '07 extended abstracts}, 
pages = {2025-2030}, 
year = {2007},
}


@article{arkin,
author = {E. M. Arkin and R. Hassin},
title = {Approximation algorithms for the geometric covering salesman problem},
journal = {Discrete Applied Mathematics}, 
volume = {55},
pages = {197-218}, 
year = {1994},
}


@ARTICLE{arrow,
  author = {K. J. Arrow},
  title = {Rational Choice Functions and Orderings},
  journal = {Economica},
  volume = {26},
  pages = {121-127}
}

@incollection{ascheuer,
author = {N. Ascheuer and S. O. Krumke and J. Rambau},
title = {Online dial-a-ride problems: Minimizing the completion time},
booktitle = {STACS 2000 Lecture Notes in Computer Science},
publisher = {Springer, Berlin},
volume = {1770},
pages = {639-650},
year = {2000}
}

@article{beecroft,
author = {M. Beecroft and M. McDonald and M. Bespoke},
title = {Services for personal travel and goods movement},
journal = {Engineering Sustainability}, 
volume = {158},
nubmer = {2},
pages = {83-88},
year = {2005}
}


@article{berbeglia,
author = {G.Berbeglia and J.-F. Cordeau and G. Laporte},
title = {Dynamic pickup and delivery problems},
journal = {European Journal of Operational Research},
note = {In press},
year = {2009}
}



@ARTICLE{berry,
  author = {Michael W. Berry and Zlatko Drmac and Elizabeth R. Jessup},
  title = {Matrices, vector spaces and information retrieval},
  journal = {SIAM Review},
  year = {1999},
  volume = {41},
  pages = {335362}
}

@ARTICLE{bertsimas,
  author = {D. Bertsimas and D. Simchi-Levi},
  title = {A New Generation of Vehicle Routing Research: Robust Algorithms,
	Addressing Uncertainty},
  journal = {Operations Research},
  year = {1996},
  volume = {44},
  pages = {286-304}
}

@article{bertsimas02,
author = {D. J. Bertsimas and G. J. van Ryzin},
title = {Stochastic and dynamic vehicle routing in the Euclidean plane with multiple capacitated vehicles},
journal = {Advances in Applied Probability}, 
volume = {25},
number = {4},
pages = {947-978}, 
year = {1993},
}

@article{bertsimas03,
author = {D. J. Bertsimas and G. J. van Ryzin},
title = {Stochastic and dynamic vehicle routing with general interarrival and service time distributions},
journal = {Advances in Applied Probability}, 
volume = {25},
pages = {947-978}, 
year = {1993},
}




@article{bertsimas04,
author = {D. J. Bertsimas and G. J. van Ryzin},
title = {A stochastic and dynamic vehicle routing problem in the Euclidean plane},
journal = {Operations Research}, 
volume = {39},
pages = {601-615}, 
year = {1991},
}



@ARTICLE{bianco,
  author = {L. Bianco and A. Mingozzi and S. Ricciardelli and M. Spadoni},
  title = {Exact and Heuristic Procedures for The Traveling Salesman Problem
	with Precedence Constraints, Based on Dynamic Programming},
  journal = {INFOR},
  year = {1994},
  volume = {32},
  pages = {19-31},
  owner = {lehame},
  timestamp = {2009.09.22}
}

@ARTICLE{borda,
  author = {J. C. Borda},
  title = {Mémoires sur les élections au scrutin},
  journal = {Histoires de l'Académie Royale des Sciences},
  year = {1781}
}

@article{braysy01,
author = {O. Br\"aysy and M. Gendreau},
title = {Vehicle routing problem with time windows, part I: Route construction and local search algorithms},
journal = {Transportation Science}, 
volume = {39},
number = {1},
pages = {104-118}, 
year = {2005},
}

@article{braysy02,
author = {O. Br\"aysy and M. Gendreau},
title = {Vehicle routing problem with time windows, part II: Metaheuristics},
journal = {Transportation Science},
volume = {39},
number = {1},
pages = {119-139}, 
year = {2005},
}


@ARTICLE{brent,
  author = {R. P. Brent and F. T. Luk},
  title = {The Solution of Singular-Value and Symmetric Eigenvalue Problems
	on Multiprocessor Arrays},
  journal = {SIAM J. Sci. and Stat. Comput.},
  year = {1985},
  volume = {6},
  pages = {69-84}
}

@INCOLLECTION{brin01,
  author = {S. Brin and L. Page},
  title = {The anatomy of a large-scale hypertextual Web search engine},
  booktitle = {Proceedings of the Seventh International Conference on World Wide
	Web},
  year = {1998},
  volume = {7},
  pages = {107-117}
}

@INCOLLECTION{brin02,
  author = {S. Brin and L. Page and R. Motwami and T. Winograd},
  title = {The PageRank Citation Ranking: Bringing Order to the Web},
  booktitle = {Techincal Report 1999-0120, Computer Science Department},
  publisher = {Stanford University, Stanford, CA},
  year = {1999}
}

@ARTICLE{chernoff,
  author = {H. Chernoff},
  title = {Rational selection of decision functions},
  journal = {Econometrica},
  volume = {22},
  pages = {422-443}
}

@BOOK{condorcet,
  title = {Essai sur l'application de l'analysé a la probabilté des décisions
	rendues 'a la pluralite' des voix},
  publisher = {Paris},
  year = {1785},
  author = {M. de Condorcet}
}

@ARTICLE{cordeau01,
  author = {J.-F. Cordeau},
  title = {A Branch-and-cut algorithm for the dial-a-ride problem},
  journal = {Operations Research},
  year = {2006},
  volume = {54},
  pages = {573-586}
}

@ARTICLE{cordeau07,
  author = {J.-F. Cordeau and G. Laporte},
  title = {The Dial-a-Ride Problem: Models and Algorithms},
  journal = {Annals of Operations Research},
  year = {2007c},
  volume = {153},
  pages = {29-46}
}

@ARTICLE{cordeau03,
  author = {J.-F. Cordeau and G. Laporte},
  title = {The dial-a-ride problem (DARP): variants, modeling numbers and algorithms},
  journal = {4OR: A Quarterly Journal of Operations Research},
  year = {2003b},
  volume = {1},
  pages = {89-101}
}

@ARTICLE{cordeau02,
  author = {J.-F. Cordeau and G. Laporte},
  title = {A tabu search heuristic for the static multi-vehicle dial-a-ride
	problem},
  journal = {Transportation Research B},
  year = {2003a},
  volume = {37},
  pages = {579-594}
}

@ARTICLE{cordeau04,
  author = {J.-F. Cordeau and G. Laporte and A. Mercier},
  title = {A unified tabu search heuristic for vehicle routing problems with
	time windows},
  journal = {Journal of the Operational Research Society},
  year = {2001},
  volume = {52},
  pages = {928-936}
}

@INCOLLECTION{cordeau05,
  author = {J.-F. Cordeau and G. Laporte and J.-Y. Potvin and M.W.P. Savelsbergh},
  title = {Transportation on demand},
  booktitle = {Transportation},
  publisher = {Amsterdam: North-Holland},
  year = {2007a},
  pages = {429-466}
}

@INCOLLECTION{cordeau06,
  author = {J.-F. Cordeau and G. Laporte and M.W.P. Savelsbergh and D. Vigo},
  title = {Vehicle routing},
  booktitle = {Transportation},
  publisher = {Amsterdam: North-Holland},
  year = {2007a},
  pages = {429-466}
}

@ARTICLE{corloni,
  author = {A. Corloni and G. Righini},
  title = {Modeling and optimizing dynamic dial-a-ride problems},
  journal = {International Transactions in Operational Research},
  year = {2001},
  volume = {8},
  pages = {155-166}
}


@article{cortes,
author = {Cristian E. Cortes and R. Jayakrishnan}, 
title = {Design and Operational Concepts of a High Coverage Point-to-Point Transit System},
journal = {Center for Traffic Simulation Studies},
year = {2001},
}


@ARTICLE{coslovich,
  author = {L. Coslovich and R. Pesenti and W. Ukovich},
  title = {A two-phase insertion technique of unexpected customers for a dynamic
	dial-a-ride problem},
  journal = {European Journal of Operational Research},
  year = {2006},
  volume = {175},
  pages = {1605-1615}
}

@INCOLLECTION{desrosiers03,
  author = {J. Desrosiers and Y. Dumas and M. M. Solomon and F. Soumis},
  title = {Time constrained routing and scheduling},
  booktitle = {Handbooks in Operations Research and Management Science},
  publisher = {Elsevier Science Publishers, Amsterdam, The Netherlands},
  year = {1995},
  chapter = {8},
  pages = {35-139},
  owner = {lehame},
  timestamp = {2009.09.22}
}

@ARTICLE{desrosiers01,
  author = {J. Desrosiers and Y. Dumas and F. Soumis},
  title = {A dynamic programming solution of the large-scale singlevehicle dial-a-ride
	problem with time windows},
  journal = {American Journal of Mathematical and Management Sciences},
  year = {1986},
  volume = {6},
  pages = {301-325}
}

@INCOLLECTION{desrosiers02,
  author = {J. Desrosiers and Y. Dumas and F. Soumis and S. Taillefer and D.
	Villeneuve},
  title = {An algorithm for mini-clustering in handicapped transport},
  booktitle = {Les Cahiers du GERAD},
  publisher = {HEC Montréal},
  year = {1991},
  pages = {G-91-02}
}

@book{detr,
author = {Department of the Environment Transport and the Regions},
year = {2000},
title = {Social exclusion and the provision and availability of public transport},
publisher = {DETR, London},
}


@ARTICLE{dial,
  author = {R.B. Dial},
  title = {Autonomous Dial-A-Ride Transit: Introductory Survey},
  journal = {Transportation Research Part C},
  year = {1995},
  volume = {5},
  pages = {261-275}
}

@ARTICLE{diana,
  author = {M. Diana and M. Dessouky},
  title = {A new regret insertion heuristic for solving large-scale dial-a-ride
	problems with time windows},
  journal = {Transportation Research Part B},
  year = {2004},
  volume = {38},
  pages = {539-557}
}

@INCOLLECTION{drinea,
  author = {E. Drinea and P. Drineas and P. Huggins},
  title = {A randomized singular value decomposition algorithm for image processing},
  year = {2001},
  series = {Panhellenic Conference on Informatics},
  owner = {lehame},
  timestamp = {2009.09.22}
}

@INCOLLECTION{drineas,
  author = {P. Drineas and A. Frieze and R. Kannan and S. Vempala and V. Vinay},
  title = {Clustering in Large Graphs and Matrices},
  year = {1999},
  series = {ACM-SIAM Symposium of Discrete Algorihtms},
  owner = {lehame},
  timestamp = {2009.09.22}
}

@ARTICLE{dumais,
  author = {Susan T. Dumais},
  title = {Improving the retrieval of information from external sources},
  journal = {Behavior Research Methods, Instruments and Computers},
  year = {1991},
  volume = {23},
  pages = {229236}
}

@INCOLLECTION{dumas01,
  author = {Y. Dumas and J. Desrosiers and F. Soumis},
  title = {Large scale multi-vehicle dial-a-ride problems},
  booktitle = {Les Cahiers du GERAD},
  publisher = {HEC Montréal},
  year = {1989a},
  pages = {G-89-30}
}

@INCOLLECTION{dumas02,
  author = {Y. Dumas and F. Soumis and J. Desrosiers},
  title = {Optimizing the schedule for a fixed vehicle path with convex inconvenience
	cost},
  booktitle = {Les Cahiers du GERAD},
  publisher = {HEC Montréal},
  year = {1989b},
  pages = {G-89-08}
}

@article{dumas03,
	author = {Y. Dumas and J. Desrosiers and F. Soumis},
	title = {The pickup and delivery problem with time windows},
	journal = {European Journal of Operational Research},
	volume = {54},
	year = {1991},
	pages = {7-22},
	}

@article{dumitrescu,
author = {A. Dumitrescu and J. S. B. Mitchell},
title = {Approximation algorithms for TSP with neighborhoods in the plane},
journal = {In Proc. 12th Annual ACM-SIAM Symposium on Discrete Algorithms}, 
pages = {38-46}, 
year = {2001},
}

@ARTICLE{farahat,
  author = {A. Farahat and T. LoFaro and J. C. Miller and G. Rae and L.A. Ward},
  title = {Authority rankings from HITS, PageRank, and SALSA: existence, uniqueness,
	and effect of initialization},
  journal = {SIAM Journal on Scientific Computing},
  year = {2006},
  volume = {27},
  pages = {1181-1201}
}

@article{feuerstein,
author = {E. Feuerstein and L. Stougie},
title = {On-line single-server dial-a-ride problems},
journal = {Theoretical Computer Science},
volume = {268},
pages = {91-105},
year = {2001}
}

@article{frazzoli,
author = {E. Frazzoli and F. Bullo},
title =  {Decentralized algorithms for vehicle routing in a stochastic time-varying environment},
journal = {In Proc. IEEE Conf. on Decision and Control, Paradise Island, Bahamas}, 
year = {2004},
}

@INCOLLECTION{frieze,
  author = {A. Frieze and R. Kannan and S. Vempala},
  title = {Fast Monte-Carlo Algorithms for Low-Rank Approximations},
  year = {1998},
  series = {39th Symposium on Foundations of Computing},
  pages = {370-378},
  owner = {lehame},
  timestamp = {2009.09.22}
}

@ARTICLE{fu,
  author = {L. Fu},
  title = {Scheduling dial-a-ride paratransit under time-varying, stochastic
	congestion},
  journal = {Transportation Research Part B},
  year = {2002},
  volume = {36},
  pages = {485-506}
}

@ARTICLE{gaboune,
  author = {B. Gaboune and G. Laporte and F. Soumis},
  title = {Expected Distances Between Two Uniformly Distributed Random Points
	in Rectangles and Rectangular Parallelepipeds},
  journal = {Journal of the Operational Research Society},
  year = {1993},
  volume = {40},
  pages = {513-519}
}

@ARTICLE{gendreau03,
  author = {M. Gendreau and F. Guertin and J.-Y. Potvin and E. Taillard},
  title = {Parallel tabu search for real-time vehicle routing and dispatching},
  journal = {Transportation Science},
  year = {1999},
  volume = {33},
  pages = {381-390}
}

@ARTICLE{gendreau01,
  author = {M. Gendreau and A. Hertz and G. Laporte},
  title = {A tabu search heuristic for the vehicle routing problem},
  journal = {Management Science},
  year = {1994},
  volume = {40},
  pages = {1276-1290}
}

@ARTICLE{gendreau02,
  author = {M. Gendreau and G. Laporte and F. Semet},
  title = {A dynamic model and parallel tabu search algorithm for real-time
	ambulance relocation},
  journal = {Parallel Computing},
  year = {2001},
  volume = {27},
  pages = {1641-1653}
}

@INCOLLECTION{gendreau04,
  author = {M. Gendreau and J.-Y. Potvin},
  title = {Dynamic Vehicle Routing and Dispatching},
  booktitle = {Fleet Management and Logistics},
  publisher = {Kluwer Academic Publishers},
  year = {1998},
  pages = {115-126}
}


@article{gendreau2006,
author = {M. Gendreau and F. Guertin and J.-Y. Potvin and R. Séguin},
title = {Neighborhood search heuristics for a dynamic vehicle dispatching problem with pick-ups and deliveries},
journal = {Transportation Research Part C},
volume = {14},
year = {2006},
pages = {157-174}
}


@article{ghiani2003,
author = {G. Ghiani and F. Guerriero and G. Laporte and R. Musmanno},
title = {Real-time vehicle routing: Solution concepts, algorithms and parallel computing strategies},
journal = {European Journal of Operational Research},
volume = {151},
pages = {1-11},
year = {2003},
}

@article{ghiani2009,
author = {G. Ghiani and E. Manni and A. Quaranta and C. Triki},
title = {Anticipatory algorithms for same-day courier dispatching},
journal = {Transportation Research Part E},
volume = {45},
year = {2009},
pages = {96-106},
}

@book{golub,
  title = {Matrix Computations},
  publisher = {Johns Hopkins University Press, London},
  year = {1989},
  author = {G. H. Golub and C. F. Van Loan},
  owner = {lehame},
  timestamp = {2009.09.22}
}

@article{gudmundsson,
author = {J. Gudmundsson and C. Levcopoulos},
title = {A fast approximation algorithm for TSP with neighborhoods},
journal = {Nordic Journal of Computing}, 
volume = {6},
number = {4},
pages = {469-488}, 
year = {1999},
}

@incollection{hoogma,
author = {R. Kemp and R. Hoogma and J. Schot and B. Truffer},
title = {Experimenting for sustainable transport},
booktitle = {The approach of strategic niche management},
publisher = {Spon Press}, 
year = {2002},
}


@ARTICLE{horn,
  author = {M.E.T. Horn},
  title = {Fleet scheduling and dispatching for demand-responsive passenger
	services},
  journal = {Transportation Research Part C},
  year = {2002},
  volume = {10},
  pages = {35-63}
}

@unpublished{hyytia,
author = {E. Hyyti\"a and L. H\"ame and A. Penttinen},
title = {Simulation of a large scale dynamic pickup and delivery problem},
year = {2010},
note = {Full paper accepted to SIMUTools 2010},
}



@UNPUBLISHED{eadarp,
  author = {L.E. H\"ame},
  title = {An exact algorithm for the single vehicle dial-a-ride problem with
	narrow time windows},
  year = {2009},
  journal = {European Journal of Operational Research},
  owner = {lehame},
  timestamp = {2009.09.22},
  note = {Manuscript submitted to EJOR.}
}

@ARTICLE{jaw,
  author = {J.J. Jaw and A.R. Odoni and H.N. Psaraftis and N.H.M. Wilson},
  title = {A heuristic algorithm for the multi-vehicle advance-request dial-a-ride
	problem with time windows},
  journal = {Transportation Research Part B},
  year = {1986},
  volume = {20},
  pages = {243-257}
}



@INCOLLECTION{kleinberg,
  author = {J. Kleinberg},
  title = {Authoritative sources in a hyperlinked environment},
  booktitle = {Proceedings of the Ninth Annual ACM-SIAM Symposium of Discrete Algorithms},
  publisher = {ACM Press, New York},
  year = {1998},
  pages = {668-677}
}

@ARTICLE{langville,
  author = {A.N. Langville and C.D. Meyer},
  title = {A survey of eigenvector methods of web information retrieval},
  journal = {SIAM Review},
  year = {2005},
  volume = {47},
  pages = {135-161}
}

@ARTICLE{larsen,
  author = {A. Larsen},
  title = {The dynamic vehicle routing problem},
  journal = {PhD thesis, Technical University of Denmark},
  year = {2000}
}
@article{larsen02,
author = {A. Larsen and O. B. G. Madsen and M. Solomon},
year = {2002}, 
title = {Partially Dynamic Vehicle Routing  Models and Algorithms},
journal = {Journal of the Operational Research Society},
volume = {38}, 
pages = {637-646},
}

@ARTICLE{lempel,
  author = {Ronny Lempel and S. Moran},
  title = {The stochastic approach for link-structure analysis (SALSA) and the
	TKC effect},
  journal = {In The Ninth International WWW Conference, May 2000}
}


@article{lipmann,
author = {M. Lipmann and X. Lu and W. E. de Paepe and R. A. Sitters and L. Stougie},
title = {On-line dial-a-ride problems under restricted information model},
journal = {Algorithmica},
volume = {40},
pages = {319-329},
year = {2004}
}


@ARTICLE{madsen,
  author = {O. B. G. Madsen and H. F. Ravn and J. M. Rygaard},
  title = {A heuristic algorithm for the a dial-a-ride problem with time windows, multiple capacities, and multiple objectives},
  journal = {Annals of Operations Research},
  year = {1995},
  volume = {60},
  pages = {193-208}
}


@article{mageean,
author = {J. Mageean and J. D. Nelson},
year = {2003},
title = {The evaluation of demand responsive transport services in Europe},
journal = {Journal of Transport Geography},
volume = {11},
number = {4},
pages = {255-270},
}


@article{mata,
author = {C. Mata and J. S. B. Mitchell},
title = {Approximation algorithms for geometric tour and network design problems},
journal = {In Proc. 11th Annual ACM Symposium on Computational Geometry}, 
pages = {360-369}, 
year = {1995},
}

@Book{ meyer,
	author = "C. D. Meyer",
	title = "Matrix Analysis and Applied Linear Algebra",
	publisher = "SIAM, Philadelphia",
	year = "2000"
}

@incollection{mitchell,
author = {J. S. B. Mitchell},
title = {A PTAS for TSP with neighborhoods among fat regions in the plane},
booktitle = {Proceedings of the eighteenth annual ACM-SIAM symposium on Discrete algorithms},
publisher = {Society for Industrial and Applied Mathematics},
pages = {11-18},  
year = {2007}, 
}

@article{mitrovic01,
author = {S. Mitrovic-Minic and G. Laporte},
title = {Waiting strategies for the dynamic pickup and delivery problem with time windows},
journal = {Transportation Research Part B},
volume = {38},
year = {2004},
pages = {635-655}
}

@article{mitrovic02,
author = {S. Mitrovic-Minic and R. Krishnamurti and G. Laporte},
title = {Double-horizon based heuristics for the dynamic pickup and delivery problem with time windows},
journal = {Transportation Research Part B},
volume = {38},
year = {2004},
pages = {669-685}
}


@ARTICLE{ng,
  author = {Andrew Y. Ng and Alice X. Zheng and Michael I. Jordan},
  title = {Stable Algorithms for Link Analysis},
  journal = {SIGIR01, September 912, 2001, New Orleans, Louisiana, USA}
}

@article{nomura,
title = {Analysis and improvement of HITS algorithm for detecting Web communities},
journal = {Systems and Computers in Japan},
volume = {35},
number = {13},
year = {2004},
pages = {32-42},  
author = {S. Nomura and	S. Oyama and T. Hayamizu and T. Ishida},
}


@ARTICLE{papadimitriou,
  author = {C.H. Papadimitriou},
  title = {The Euclidean Travelling Salesman Problem is NP-Complete},
  journal = {Theoret. Comput. Sci.},
  year = {1977},
  volume = {4},
  pages = {237-244}
}

@BOOK{parlett,
  title = {The Symmetric Eigenvalue Problem},
  publisher = {SIAM},
  year = {1997},
  author = {B. Parlett},
  series = {Classics in Applied Mathematics},
  owner = {lehame},
  timestamp = {2009.09.22}
}



@unpublished{pavone,
author = {M. Pavone and N. Bisnik and E. Frazzoli and V. Isler},
title = {A Stochastic and Dynamic Vehicle Routing Problem with Time Windows and Customer Impatience},
journal = {ACM/Springer Journal of Mobile Networks and Applications (MONET)}, 
year = {2008},
}

@article{pavone02,
author = {M. Pavone and E. Frazzoli and F. Bullo},
title = {Decentralized algorithms for stochastic and dynamic vehicle routing with general target distribution},
journal = {In Proc. IEEE Conference on Decision and Control, New Orleans, LA},
year = {2007},
}

@conference{powell0,
author = {R. Powell and R. Meekums and K. Brock and D. Tarrant},
title = {Real time passenger information system for the ROMANSE project},
booktitle = {IEE Colloquium on Public Transport Information and Management Systems}, 
year = {1993},
}



@INCOLLECTION{powell,
  author = {W. B. Powell and B. Bouzaiene-Ayari and H. P. Simao},
  title = {Dynamic Models for Freight Transportation},
  booktitle = {Transportation},
  publisher = {Amsterdam: North-Holland},
  year = {2007a},
  pages = {285-365}
}

@INCOLLECTION{powell95,
  author = {W. B. Powell and P. Jaillet and A. Odoni},
  title = {Stochastic and Dynamic Networks and Routing},
  booktitle = {Network Routing},
  publisher = {Amsterdam: North-Holland},
  year = {1995},
  volume = {8},
  pages = {141-295}
}

@ARTICLE{psaraftis04,
  author = {H.N. Psaraftis},
  title = {Dynamic vehicle routing: status and prospects},
  journal = {Annals of Operations Research},
  year = {1995},
  volume = {61},
  pages = {143-164}
}

@INCOLLECTION{psaraftis03,
  author = {H.N. Psaraftis},
  title = {Dynamic vehicle routing problems},
  booktitle = {Vehicle routing: method and studies},
  publisher = {Amsterdam: North-Holland},
  year = {1988},
  pages = {223-248}
}

@ARTICLE{psaraftis02,
  author = {H.N. Psaraftis},
  title = {An exact algorithm for the single-vehicle many-to-many dial-a-ride
	problem with time windows},
  journal = {Transportation Science},
  year = {1983},
  volume = {17},
  pages = {351-357}
}

@ARTICLE{psaraftis01,
  author = {H.N. Psaraftis},
  title = {A dynamic programming approach to the single-vehicle, many-to-many
	immediate request dial-a-ride problem},
  journal = {Transportation Science},
  year = {1980},
  volume = {14},
  pages = {130-154}
}

@electronic{reittiopas,
author = {{Helsinki Region Traffic}},
title = {Kalkati.net {XML} representation of Helsinki Regional Transport Authority ({HSL}) timetable data},
url = {http://developer.reittiopas.fi/},
year = {2010},
month = {Oct},
}


@article{saez,
author = {D. Sáez and C. Cortés and A. Núñez},
title = {Hybrid adaptive predictive control for the multi-vehicle dynamic pick-up and delivery problem based on genetic algorithms and fuzzy clustering},
journal = {Computers and Operations Research},
volume = {35},
year = {2008},
pages = {3412-3438}
}


@ARTICLE{savelsbergh,
  author = {M.W.P. Savelsbergh},
  title = {The vehicle routing problem with time windows: minimizing route duration},
  journal = {ORSA Journal on Computing},
  year = {1992},
  volume = {4},
  pages = {146-154}
}

@article{savelsbergh02,
author = {M. W. P. Savelsbergh},
title = {Local search in routing problems with time windows},
journal = {Annals of Operations Research}, 
volume = {4},
number = {1},
pages = {285-305}, 
year = {1985},
}


@article{savelsbergh03,
author = {M.W.P. Savelsbergh and M. Sol},
title = {{DRIVE}: Dynamic routing of independent vehicles},
journal = {Operations Research},
volume = {46},
year = {1998}
}


@ARTICLE{sen,
  author = {A. K. Sen},
  title = {Social choice theory: a re-examination},
  journal = {Econometrica},
  volume = {45},
  pages = {53-89}
}

@ARTICLE{sen2,
  author = {A. K. Sen},
  title = {Collective Choice and Social Welfare},
  journal = {Holden-Day, San Francisco},
  year = {1970}
}

@BOOK{sexton01,
  title = {The single vehicle many-to-many routing and scheduling problem},
  publisher = {Ph.D. dissertation, SUNY at Stony Brook},
  year = {1979},
  author = {T. Sexton},
  owner = {lehame},
  timestamp = {2009.09.22}
}

@article{sexton02,
author = {T. Sexton and L. D. Bodin},
year = {1985a},
title = {Optimizing single vehicle many-to-many operations with desired delivery times: I. Scheduling},
journal = {Transportation Science},
volume = {19},
pages = {378-410},
}

@ARTICLE{sexton03,
  author = {T. Sexton and L. D. Bodin},
  title = {Optimizing single vehicle many-to-many operations with desired delivery
	times: II. Routing},
  journal = {Transportation Science},
  year = {1985b},
  volume = {19},
  pages = {411-435},
  owner = {lehame},
  timestamp = {2009.09.22}
}

@book{sihvola,
author = {T. Sihvola and L. H\"ame and R. Sulonen},
title = {Passenger Pooling and Trip Combining Potential of High-Density Demand Responsive Transport},
publisher = {Presented at the Annual Meeting of the Transportation
Research Board, Washington D.C.},
year = {2010},
}



@ARTICLE{solomon,
  author = {M. M. Solomon},
  title = {Algorithms for the Vehicle Routing and Scheduling Problems with Time
	Window Constraints},
  journal = {Operations Research},
  year = {1987},
  volume = {35},
  pages = {254-265},
  number = {2},
  owner = {lehame},
  timestamp = {2009.09.22}
}

@ARTICLE{teal,
  author = {Roger F. Teal},
  title = {Journal of Intelligent Transportation Systems: Technology, Planning,
	and Operations},
  year = {1994},
  volume = {1},
  pages = {1547-2442},
  number = {3},
  owner = {lehame},
  timestamp = {2009.09.22}
}

@ARTICLE{teodorovic,
  author = {D. Teodorovic and G. Radivojevic},
  title = {A fuzzy logic approach to dynamic dial-a-ride problem},
  journal = {Fuzzy Sets and Systems},
  year = {2000},
  volume = {116},
  pages = {23-33}
}

@BOOK{toth03,
  title = {The vehicle routing problem},
  publisher = {Philadelphia, PA},
  year = {2002},
  author = {P. Toth and D. Vigo},
  incollection = {SIAM Monographs on Discrete Mathematics and Applications}
}

@ARTICLE{toth02,
  author = {P. Toth and D. Vigo},
  title = {Heuristic algorithms for the handicapped persons transportation problem},
  journal = {Transportation Science},
  year = {1997},
  volume = {31},
  pages = {60-71}
}

@INCOLLECTION{toth01,
  author = {P. Toth and D. Vigo},
  title = {Fast local search algorithms for the handicapped persons transportation
	problem},
  booktitle = {Meta-heuristics: theory and applications},
  publisher = {Boston: Kluwer},
  year = {1996},
  pages = {23-33}
}

@ARTICLE{tuomisto,
  author = {Jouni T Tuomisto and Marko Tainio},
  title = {An economic way of reducing health, environmental, and other pressures
	of urban traffic: a decision analysis on trip aggregation},
  journal = {BioMed Central, November 25},
  year = {2005},
  owner = {lehame},
  timestamp = {2009.09.22}
}

@ARTICLE{wong,
  author = {K.I. Wong and M.G.H. Bell},
  title = {Solution of the dial-a-ride problem with multi-dimensional capacity
	constraints},
  journal = {International Transactions in Operational Research},
  year = {2006},
  volume = {13},
  pages = {195-208}
}

@ARTICLE{xiaoyan,
  author = {Xiaoyan Zhang and Michael W. Berry and Padma Raghavan},
  title = {Level search schemes for information filtering and retrieval},
  journal = {Information Processing and Management},
  year = {2001},
  volume = {37},
  pages = {313-334}
}


@article{wardman01,
author = {M. Wardman},
title = {Public transport values of time},
journal = {Transport Policy},
volume = {11}, 
number = {4}, 
year = {2004}, 
pages = {363-377}
}

@article{wardman02,
author = {M. Wardman},
title = {A review of British evidence on time and service quality valuations},
journal = {Transportation Research Part E},
volume = {37}, 
number = {2-3}, 
year = {2001}, 
pages = {107-128}
}

@book{black,
author = {A. Black},
title = {Urban mass transportation planning},
publisher = {McGraw-Hill, New York}, 
year = {1995}
}

@book{enoch,
author = {M. Enoch and S. Potter and G. Parkhurst and M. Smith},
title = {Intermode: Innovations in Demand Responsive Transport. Intermode Final Report},
publisher = {Department for Transport and Greater Manchester Passenger Transport Executive, Manchester},
year = {2004}
}


@book{finn,
author = {B. Finn},
title = {Analysis of User Needs for Demand Responsive Transport Services},
publisher = {Deliverable no. D3, SAMPO project - TR1046, European Commission}, 
year = {1996}
}

@book{bakker,
author = {P. Bakker},
title = {Large scale demand responsive transit systems - A local suburban transport solution for the next millennium},
publisher = {Presented at European Transport Conference, Cambridge, UK}, 
year = {1999}
}

@book{round,
author = {A. Round and R. Cervero},
title = {Future ride: Adapting new technologies to paratransit in the United States},
publisher = {Working Paper 306. University of California Transportation Center, UC Berkeley, CA},
year = {1996}
}

@incollection{fu2,
author = {L. Fu and J. Yang and J. Casello and C. E. Cortés and R. Jayakrishnan},
title = {Quantifying Technical Efficiency of Paratransit Systems by Data Envelopment Analysis Method},
booktitle = {Transportation Research Record: Journal of the Transportation Research Board, No. 2034},
publisher = {Transportation Research Board of the National Academies, Washington, D.C.},
year = {2007}, 
pages = {115-122}
}


@book{lave,
author = {R. E. Lave and R. Teal and P. Piras},
title = {A Handbook for Acquiring Demand-Responsive Transit Software},
publisher = {TCRP Report 18. Transportation Research Board}, 
year = {1996}
}

@book{cervero,
author = {R. Cervero},
title = {The Transit Metropolis},
publisher = {Island Press, Washington D.C.},
year = {1998}
}

@article{quadrifoglio,
author = {L. Quadrifoglio and M. Dessouky and F. Ordóñez},
title = {A simulation study of demand responsive transit system design},
journal = {Transportation Research Part A},
volume = {42}, 
number = {4}, 
year = {2008},
pages = {718-737}
}


@book{westerlund,
author = {Y. Westerlund and A. Ståhl and J. Nelson and J. Mageean},
title = {Transport Telematics for elderly users: Successful Use of Automated Booking and Call-back for Demand Responsive Transport Services in Gothenburg},
publisher = {Presented at 7th ITS World Congress, Turin, Italy},
year = {2000}
}

@article{palmer,
author = {K. Palmer and M. Dessouky and T. Abdelmaguid},
title = {Impacts of management practices and advanced technologies on demand responsive transit systems},
journal = {Transportation Research Part A}, 
volume = {38},
number = {7}, 
year = {2004},
pages = {495-509}
}



@article{waisanen,
author = {H.A. Waisanen and D. Shah and M.A. Dahleh},
title = {A dynamic pickup and delivery problem in mobile networks under information constraints},
journal = {{IEEE} Trans.\ on Automatic Control},
volume = {53},
year = {2008},
pages = {1419-143}
}



@article{hlv-rwp,
 author       = {Esa Hyyti{\"a} and Pasi Lassila and Jorma Virtamo},
 title        = {Spatial Node Distribution of the Random Waypoint Mobility Model With Applications},
 journal      = {{IEEE} Trans.\ on Mobile Computing},
 volume       = {5},
 number       = {6},
 pages        = {680--694},
 month        = jun,
 year         = {2006}}

@ARTICLE{little-or-1961,
 AUTHOR    = {John D. C. Little},
 TITLE     = {A Proof of the Queueing Formula {$L = \lambda W$}},
 JOURNAL   = {Operations Research},
 volume = {9},
 number    = {9},
 pages     = {383/387},
 year      = {1961}
}

@ARTICLE{Matsumoto-TOMACS-1998,
 author  = {Makoto Matsumoto and Takuji Nishimura},
 title   = {Mersenne twister: a 623-dimensionally equidistributed uniform pseudo-random number generator},
 JOURNAL = {ACM Trans. on Modeling and Computer Simulation},
 month   = jan,
 year    = 1998,
 volume  = {8},
 number  = {1}}

@INCOLLECTION{LEcuyer-handbook-2004,
 AUTHOR    = {P. L'Ecuyer},
 TITLE     = {Random Number Generation},
 CHAPTER   = {2},
 BOOKTITLE = {Handbook of Computational Statistics},
 EDITORS   = {J. E. Gentle and W. Haerdle and Y. Mori},
 PUBLISHER = {Springer-Verlag},
 YEAR      = {2004},
 PAGES     = {35--70}
}

@ARTICLE{Bettstetter-MobileComputing-2003,
 AUTHOR    = {Christian Bettstetter and Giovanni Resta and Paolo Santi},
 TITLE     = {The node distribution of the random waypoint mobility model for wireless ad hoc networks},
 JOURNAL   = {{IEEE} Trans. on Mobile Computing},
 VOLUME    = {2},
 NUMBER    = {3},
 PAGES     = {257--269},
 MONTH     = {Jul.--Sept.},
 YEAR      = {2003}
}

@ARTICLE{Navidi-MobileComputing-2004,
 AUTHOR  = {W. Navidi and T. Camp},
 TITLE   = {Stationary Distributions for the Random Waypoint Mobility Model},
 JOURNAL = {{IEEE} Trans. on Mobile Computing},
 VOLUME  = {3},
 NUMBER  = {1},
 PAGES   = {99-108},
 MONTH   = {Jan-Mar},
 YEAR    = {2004}
}

@BOOK{Banks-2001,
 AUTHOR    = {Jerry~Banks and John~S.~Carson~II and Barry~L.~Nelson and David~M.~Nicol},
 TITLE     = {Discrete-Event System Simulation},
 EDITION   = {Third},
 PUBLISHER = {Prentice-Hall},
 SERIES    = {Prentice-Hall International Series in Industrial and Systems Engineering},
 YEAR      = {2001}
}
