
@article{attanasio,
author = {A. Attanasio and J.-F. Cordeau and G. Ghiani and G. Laporte},
year = {2004},
title = {Parallel tabu search heuristics for the dynamic multi-vehicle dial-a-ride problem},
journal = {Parallel Computing},
volume = {30},
pages = {377-387},
}

@article{bent,
title = {A two-stage hybrid algorithm for pickup and delivery vehicle routing problems with time windows},
volume = {33},
number = {4},
year = {2006},
pages = {875-893},
author = {R. Bent and P. {Van Hentenryck}},
journal = {Computers \& Operations Research},
}


@article{berbeglia,
title = {Dynamic pickup and delivery problems},
author = {G. Berbeglia and J-F. Cordeau and G. Laporte},
journal = {European Journal of Operational Research},
volume = {202},
year = {2010},
pages = {8-15},
}


@article{bianco,
author = {L. Bianco and A. Mingozzi and S. Ricciardelli and M. Spadoni},
title = {Exact and Heuristic Procedures for The Traveling Salesman Problem with
Precedence Constraints, Based on Dynamic Programming},
journal = {INFOR},
volume = {32},
pages = {19-31}, 
year = {1994},
}







@article{corloni,
author = {A. Corloni and G. Righini},
title = {Modeling and optimizing dynamic dial-a-ride problems},
journal = {International Transactions in Operational Research},
year = {2001},
volume = {8},
pages = {155-166},
}


@article{cordeau01,
author = {J.-F. Cordeau},
title = {A Branch-and-cut algorithm for the dial-a-ride problem},
journal = {Operations Research},
year = {2006},
volume = {54},
pages = {573-586},
}



@article{cordeau02,
author = {J.-F. Cordeau and G. Laporte},
title = {A tabu search heuristic for the static multi-vehicle dial-a-ride problem},
journal = {Transportation Research B},
year = {2003a},
volume = {37},
pages = {579-594},
}



@article{cordeau03,
author = {J.-F. Cordeau and G. Laporte},
title = {The dial-a-ride problem (DARP): variants, modeling issues and algorithms},
journal = {4OR: A Quarterly Journal of Operations Research},
year = {2003b},
volume = {1},
pages = {89-101},
}


@article{cordeau04,
author = {J.-F. Cordeau and G. Laporte and A. Mercier},
title = {A unified tabu search heuristic for vehicle routing problems with time windows},
journal = {Journal of the Operational Research Society},
year = {2001},
volume = {52},
pages = {928-936},
}


@incollection{cordeau05,
author = {J.-F. Cordeau and G. Laporte and J.-Y. Potvin and M.W.P. Savelsbergh},
title = {Transportation on demand},
booktitle ={Transportation},
publisher = {Amsterdam: North-Holland},
year = {2007},
pages = {429-466},
}



@incollection{cordeau06,
author = {J.-F. Cordeau and G. Laporte and M.W.P. Savelsbergh and D. Vigo},
title = {Vehicle routing},
booktitle ={Transportation},
publisher = {Amsterdam: North-Holland},
year = {2007},
pages = {429-466},
}



@article{cordeau07,
author = {J.-F. Cordeau and G. Laporte},
title = {The Dial-a-Ride Problem: Models and Algorithms},
journal = {Annals of Operations Research},
year = {2007},
volume = {153},
pages = {29-46},
}


@article{cori,
author = {R. Cori},
title = {Indecomposable permutations, hypermaps and labeled Dyck paths},
journal = {Journal of Combinatorial Theory, Series A},
volume = {116}, 
number = {8}, 
year = {2009}, 
pages = {1326-1343},
} 
@article{cortes,
title = {The pickup and delivery problem with transfers: Formulation and a branch-and-cut solution method},
author = {C. E. Cort\'es and M. Matamala and C. Contardo},
journal = {European Journal of Operational Research},
volume = {200},
year = {2010},
pages = {711-724},
}



@article{coslovich,
author = {L. Coslovich and R. Pesenti and W. Ukovich},
title = {A two-phase insertion technique of unexpected customers for a dynamic dial-a-ride problem},
journal = {European Journal of Operational Research},
year = {2006},
volume = {175},
pages = {1605-1615},
}


@article{desrosiers01,
author = {J. Desrosiers and Y. Dumas and F. Soumis},
title = {A dynamic programming solution of the large-scale single vehicle dial-a-ride problem with time windows},
journal = {American Journal of Mathematical and Management Sciences},
year = {1986},
volume = {6},
pages = {301-325},
}


@incollection{desrosiers02,
author = {J. Desrosiers and Y. Dumas and F. Soumis and S. Taillefer and D. Villeneuve},
title = {An algorithm for mini-clustering in handicapped transport},
booktitle = {Les Cahiers du GERAD},
publisher = {HEC Montréal},
year = {1991},
pages = {G-91-02},
}


@article{dial,
author = {R.B. Dial},
title = {Autonomous Dial-A-Ride Transit: Introductory Survey},
journal = {Transportation Research Part C},
year = {1995},
volume = {5},
pages = {261-275},
}


@article{diana,
author = {M. Diana and M.M. Dessouky},
title = {A new regret insertion heuristic for solving large-scale dial-a-ride problems with time windows},
journal = {Transportation Research Part B},
year = {2004},
volume = {38},
pages = {539-557},
}

@incollection{dumas01,
author = {Y. Dumas and J. Desrosiers and F. Soumis},
title = {Large scale multi-vehicle dial-a-ride problems},
booktitle = {Les Cahiers du GERAD},
publisher = {HEC Montréal},
year = {1989a},
pages = {G-89-30},
}


@incollection{dumas02,
author = {Y. Dumas and F. Soumis and J. Desrosiers},
title = {Optimizing the schedule for a fixed vehicle path with convex inconvenience cost},
booktitle = {Les Cahiers du GERAD},
publisher = {HEC Montréal},
year = {1989b},
pages = {G-89-08},
}

@article{dumas03,
	author = {Y. Dumas and J. Desrosiers and F. Soumis},
	title = {The pickup and delivery problem with time windows},
	journal = {European Journal of Operational Research},
	volume = {54},
	year = {1991},
	pages = {7-22},
	}


@article{fu,
author = {L. Fu},
title = {Scheduling dial-a-ride paratransit under time-varying, stochastic congestion},
journal = {Transportation Research Part B},
year = {2002},
volume = {36},
pages = {485-506},
}





@article{gaboune,
author = {B. Gaboune and G. Laporte and F. Soumis},
title = {Expected Distances Between Two Uniformly Distributed Random Points in Rectangles and Rectangular Parallelepipeds},
journal = {Journal of the Operational Research Society},
year = {1993},
volume = {40},
pages = {513-519},
}


@article{garaix,
title = {Vehicle routing problems with alternative paths: An application to on-demand transportation},
author = {T. Garaix and C. Artigues and D. Feillet and D. Josselin},
journal = {European Journal of Operational Research},
volume = {204},
year = {2010},
pages = {62-75},
}



@article{gendreau01,
author = {M. Gendreau and A. Hertz and G. Laporte},
title = {A tabu search heuristic for the vehicle routing problem},
journal = {Management Science},
year = {1994},
volume = {40},
pages = {1276-1290},
}


@article{gendreau02,
author = {M. Gendreau and G. Laporte and F. Semet},
title = {A dynamic model and parallel tabu search algorithm for real-time ambulance relocation},
journal = {Parallel Computing},
year = {2001},
volume = {27},
pages = {1641-1653},
}


@article{gendreau03,
author = {M. Gendreau and F. Guertin and J.-Y. Potvin and E. Taillard},
title = {Parallel tabu search for real-time vehicle routing and dispatching},
journal = {Transportation Science},
year = {1999},
volume = {33},
pages = {381-390},
}



@article{hernandez,
title = {The multi-commodity one-to-one pickup-and-delivery traveling salesman problem},
author = {H. {Hern\'andez-P\'erez} and J.-J. {Salazar-Gonz\'alez}},
journal = {European Journal of Operational Research},
volume = {196},
year = {2009},
pages = {987-995},
}

@article{horn,
author = {M.E.T. Horn},
title = {Fleet scheduling and dispatching for demand-responsive passenger services},
journal = {Transportation Research Part C},
year = {2002},
volume = {10},
pages = {35-63},
}



@incollection{hyytia,
author = {E. Hyyti\"a and L. H\"ame and A. Penttinen and R. Sulonen},
title = {Simulation of a Large Scale Dynamic Pickup and Delivery Problem},
year = {2010},
booktitle = {3rd International ICST Conference on Simulation Tools and Techniques (SIMUTools 2010)},
}

@article{eadarp,
author = {L.E. H\"ame},
title = {An exact algorithm for the single vehicle dial-a-ride problem with narrow time windows},
journal = {Transportation Research Part B},
year = {2008},
volume = {XX},
pages = {XXX-XXX},
}



@article{hunsaker,
author = {B. Hunsaker and M. W. P. Savelsbergh},
year = {2002},
title = {Efficient feasibility testing for dial-a-ride problems},
journal = {Operations Research Letters},
volume = {30},
pages = {169-173},
}

@article{jaw,
author = {J.J. Jaw and A.R. Odoni and H.N. Psaraftis and N.H.M. Wilson},
title = {A heuristic algorithm for the multi-vehicle advance-request dial-a-ride problem with time windows},
journal = {Transportation Research Part B},
year = {1986},
volume = {20},
pages = {243-257},
}



@article{madsen,
author = {O.B.G. Madsen and H.F. Ravn and J.M. Rygaard},
title = {A heuristic algorithm for the a dial-a-ride problem with time windows, multiple capacities, and multiple objectives},
journal = {Annals of Operations Research},
year = {1995},
volume = {60},
pages = {193-208},
}




@article{melachrinoudis,
author = {E. Melachrinoudis and A. B. Ilhan and H. Min},
year = {2007},
title = {A dial-a-ride problem for client transportation in a healthcare organization},
journal = {Computers \& Operations Research},
volume = {34},
pages = {742-759},
}



@article{papadimitriou,
author = {C.H. Papadimitriou},
title = {The Euclidean Travelling Salesman Problem is NP-Complete},
journal = {Theoret. Comput. Sci.},
year = {1977},
volume = {4},
pages = {237-244},
}


@article{parragh,
title = {Variable neighborhood search for the dial-a-ride problem},
author = {S. N. Parragh and K. F. Doerner and R. F. Hartl},
journal = {Computers \& Operations Research},
volume = {37},
year = {2010},
pages = {1129-1138},
}



@incollection{powell95,
author = {W. B. Powell and P. Jaillet and A. Odoni},
title = {Stochastic and Dynamic Networks and Routing},
booktitle = {Network Routing}, 
publisher = {Amsterdam: North-Holland},
year = {1995},
volume = {8},
pages = {141-295},
}




@article{psaraftis01,
author = {H.N. Psaraftis},
title = {A dynamic programming approach to the single-vehicle, many-to-many immediate request dial-a-ride problem},
journal = {Transportation Science},
year = {1980},
volume = {14},
pages = {130-154},
}


@article{psaraftis02,
author = {H.N. Psaraftis},
title = {An exact algorithm for the single-vehicle many-to-many dial-a-ride problem with time windows},
journal = {Transportation Science},
year = {1983},
volume = {17},
pages = {351-357},
}

@incollection{psaraftis03,
author = {H.N. Psaraftis},
title = {Dynamic vehicle routing problems},
booktitle = {Vehicle routing: method and studies},
publisher = {Amsterdam: North-Holland},
year = {1988},
pages = {223-248},
}

@article{psaraftis04,
author = {H.N. Psaraftis},
title = {Dynamic vehicle routing: status and prospects},
journal = {Annals of Operations Research},
year = {1995},
volume = {61},
pages = {143-164},
}

@article{ropke,
title = {An Adaptive Large Neighborhood Search Heuristic for the Pickup and Delivery Problem with Time Windows},
journal = {Transportation Science},
volume = {40},
number = {4},
year = {2006},
pages = {455-472},  
author = {S. Ropke and D. Pisinger},
}



@article{savelsbergh,
author = {M.W.P. Savelsbergh},
year = {1992},
title = {The vehicle routing problem with time windows: minimizing route duration},
journal = {ORSA Journal on Computing},
volume = {4}, 
pages = {146-154},
}



@book{sexton01,
author = {T. Sexton},
year = {1979},
title = {The single vehicle many-to-many routing and scheduling problem},
publisher = {Ph.D. dissertation, SUNY at Stony Brook},
}

@article{sexton02,
author = {T. Sexton and L. D. Bodin},
year = {1985a},
title = {Optimizing single vehicle many-to-many operations with desired delivery times: I. Scheduling},
journal = {Transportation Science},
volume = {19},
pages = {378-410},
}

@article{sexton03,
author = {T. Sexton and L. D. Bodin},
year = {1985b},
title = {Optimizing single vehicle many-to-many operations with desired delivery times: II. Routing},
journal = {Transportation Science},
volume ={19}, 
pages = {411-435},
}


@article{teodorovic,
author = {D. Teodorovic and G. Radivojevic},
title = {A fuzzy logic approach to dynamic dial-a-ride problem},
journal = {Fuzzy Sets and Systems},
year = {2000},
volume = {116},
pages = {23-33},
}



@incollection{toth01,
author = {P. Toth and D. Vigo},
title = {Fast local search algorithms for the handicapped persons transportation problem},
booktitle = {Meta-heuristics: theory and applications},
publisher = {Boston: Kluwer},
year = {1996},
pages = {23-33},
}



@article{toth02,
author = {P. Toth and D. Vigo},
title = {Heuristic algorithms for the handicapped persons transportation problem},
journal = {Transportation Science},
year = {1997},
volume = {31},
pages = {60-71},
}


@article{wong,
author = {K.I. Wong and M.G.H. Bell},
title = {Solution of the dial-a-ride problem with multi-dimensional capacity constraints},
journal = {International Transactions in Operational Research},
year = {2006},
volume = {13},
pages = {195-208},
}


@article{xiang2006,
author = {Z. Xiang and C. Chu and H. Chen},
year = {2006},
title = {A fast heuristic for solving a large-scale static dial-a-ride problem under complex constraints},
journal = {European Journal of Operational Research},
volume = {174},
pages = {1117-1139},
}

@article{xiang2008,
author = {Z. Xiang and C. Chu and H. Chen},
year = {2008},
title = {The study of a dynamic dial-a-ride problem under time-dependent and stochastic environments},
journal = {European Journal of Operational Research},
volume = {185},
pages = {534-551},
}









