@article{reiser,
author = {M. Reiser and S. S. Lavenberg},
title = {Mean value analysis of closed multi-chain queueing networks},
journal = {JACM},
volume = {27},
year = {1980},
pages {313-322},
}


@inproceedings{jokinen-fists-2011,
  author = {J.-P. Jokinen and T. Sihvola and E. Hyyti{\"a} and R. Sulonen},
  title = {Why Urban Mass Demand Responsive Transport?},
  booktitle = {{IEEE} Forum on Integrated and Sustainable Transportation Systems ({FISTS})},
  year = {2011},
  month = {June-July},
  address = {Vienna, Austria},
  note = {to appear},
}

@article{wong2005,
author = {K.I. Wong and S.C. Wong and M.G.H. Bell and H. Yang}, 
title = {Modeling the bilateral micro-searching behavior for urban taxi services using the absorbing Markov chain approach},
journal = {Journal of Advanced Transportation},
volume = {39},
number = {1},
year = {2005},
pages = {81-104},
}

@article{lagos2003,
author = {R. Lagos}, 
title = {An analysis of the market for taxicab rides in New York City},
journal = {International Economic Review},
volume = {44},
number = {2},
year = {2003},
pages = {423-434},
}

@incollection{matsushima2006,
author = {K. Matsushima and K. Kobayashi}, 
title = {Endogenous market formation with matching externality: an implication for taxi spot markets},
booktitle = {Structural Change in Transportation and Communications in the Knowledge Economy},
publisher = {Edward Elgar},
year = {2006},
pages = {313-336},
}

@article{moore2006,
author = {A.T. Moore and T. Balaker}, 
title = {Do economists reach a conclusion on taxi deregulation?},
journal = {Econ Journal Watch},
volume = {3},
number = {1},
year = {2006},
pages = {109-132},
}



@article{fernandez2006,
author = {J.E. Fernandez and J. {De Cea} and J. Briones}, 
title = {A diagrammatic analysis of the market for cruising taxis}, 
journal = {Transportation Research Part E},
volume = {42},
number = {6},
year = {2006},
pages = {498-526},
}


@article{flores-guri2003,
author = {D. Flores-Guri},
title = {An economic analysis of regulated taxicab markets}, 
journal = {Review of Industrial Organization},
volume = {23},
number = {3-4},
year = {2003},
pages ={255-266},
}




@article{cairns1996,
author = {R.D. Cairns and C. Liston-Heyes}, 
title = {Competition and regulation in the taxi industry},
journal = {Journal of Public Economics},
volume = {59},
number = {1},
year = {1996},
pages = {1-15},
}



@article{arnott1996,
author = {R. Arnott}, 
title = {Taxi travel should be subsidized},
journal = {Journal of Urban Economics},
volume = {40},
number = {3},
year = {1996},
pages = {316-333},
}


@article{hackner1995,
author = {J. Hackner and S. Nyberg}, 
title = {Deregulating taxi services: a word of caution},
journal = {Journal of Transport Economics and Policy},
volume = {29},
number = {2},
year = {1995},
pages = {195-207},
}

@Article{ yang2010,
	author = "H. Yang and C. W. Y Leung and S. C. Wong and M. G. H. Bell",
	year = "2010",
	title = "Equilibria of bilateral taxi-customer searching and meeting on networks",
	journal = "Transportation Research Part B",
	volume = "44",
	pages = "1067--1083"
}

@Electronic{ jouko,
	title = "Jouko neighbourhood routes and service routes",
	author = "{Helsinki Region Traffic}",
	journal = "http://www.hsl.fi/EN/passengersguide/ServiceroutesandJoukoroutes/Pages/default.aspx",
	month = oct,
	year = "2010",
	url = "http://www.hsl.fi/EN/passengersguide/ServiceroutesandJoukoroutes/Pages/default.aspx"
}

@Book{ small2007,
	author = "K. A. Small and E. T. Verhoef",
	year = "2007",
	title = "The Economics of Urban Transportation",
	Publisher = "Routledge, 2 Park Square, Milton Park, Abingdon, OX14 4RN"
}

@Book{ ross,
	author = "S. M. Ross",
	year = "1995",
	title = "Stochastic Processes",
	publisher = "Wiley. ISBN 978-0-471-12062-9"
}

@Article{ paxson95,
	author = "V. Paxson and S. Floyd",
	journal = "{IEEE/ACM} Transactions on Networking",
	title = "Wide area traffic: the failure of Poisson modeling",
	year = "1995",
	month = jun,
	volume = "3",
	number = "3",
	pages = "226--244"
}

@Article{ agosti,
	author = "M. Agosti and L. Pretto",
	title = "A Theoretical Study of a Generalized Version of Kleinberg's HITS Algorithm",
	journal = "Information Retrieval",
	year = "2005",
	volume = "8",
	pages = "219--243"
}

@Book{ aizerman,
	title = "Theory of choice",
	publisher = "North-Holland Publishing Co. Amsterdam",
	year = "1995",
	author = "M. Aizerman and F. Aleskerov",
	pages = "x+314",
	incollection = "Studies in Mathematical and Managerial Economics 38"
}

@Article{ arkin,
	author = "E. M. Arkin and R. Hassin",
	title = "Approximation algorithms for the geometric covering salesman problem",
	journal = "Discrete Applied Mathematics",
	volume = "55",
	pages = "197--218",
	year = "1994"
}

@Article{ arrow,
	author = "K. J. Arrow",
	title = "Rational Choice Functions and Orderings",
	journal = "Economica",
	volume = "26",
	pages = "121--127"
}

@InCollection{ ascheuer,
	author = "N. Ascheuer and S. O. Krumke and J. Rambau",
	title = "Online dial-a-ride problems: Minimizing the completion time",
	booktitle = "STACS 2000 Lecture Notes in Computer Science",
	publisher = "Springer, Berlin",
	volume = "1770",
	pages = "639--650",
	year = "2000"
}

@Article{ berbeglia,
	author = "G.Berbeglia and J.-F. Cordeau and G. Laporte",
	title = "Dynamic pickup and delivery problems",
	journal = "European Journal of Operational Research",
	note = "In press",
	year = "2009"
}

@Article{ berry,
	author = "Michael W. Berry and Zlatko Drmac and Elizabeth R. Jessup",
	title = "Matrices, vector spaces and information retrieval",
	journal = "SIAM Review",
	year = "1999",
	volume = "41",
	pages = "335?362"
}

@Article{ bertsimas,
	author = "D. Bertsimas and D. Simchi-Levi",
	title = "A New Generation of Vehicle Routing Research: Robust Algorithms, Addressing Uncertainty",
	journal = "Operations Research",
	year = "1996",
	volume = "44",
	pages = "286--304"
}

@Article{ bertsimas02,
	author = "D. J. Bertsimas and G. J. {van Ryzin}",
	title = "Stochastic and dynamic vehicle routing in the Euclidean plane with multiple capacitated vehicles",
	journal = "Advances in Applied Probability",
	volume = "25",
	number = "4",
	pages = "947--978",
	year = "1993"
}

@Article{ bertsimas03,
	author = "D. J. Bertsimas and G. J. {van Ryzin}",
	title = "Stochastic and dynamic vehicle routing with general interarrival and service time distributions",
	journal = "Advances in Applied Probability",
	volume = "25",
	pages = "947--978",
	year = "1993"
}

@Article{ bertsimas04,
	author = "D. J. Bertsimas and G. J. {van Ryzin}",
	title = "A stochastic and dynamic vehicle routing problem in the Euclidean plane",
	journal = "Operations Research",
	volume = "39",
	pages = "601--615",
	year = "1991"
}

@Article{ bianco,
	author = "L. Bianco and A. Mingozzi and S. Ricciardelli and M. Spadoni",
	title = "Exact and Heuristic Procedures for The Traveling Salesman Problem with Precedence Constraints, Based on Dynamic Programming",
	journal = "INFOR",
	year = "1994",
	volume = "32",
	pages = "19--31",
	owner = "lehame",
	timestamp = "2009.09.22"
}

@Article{ borda,
	author = "J. C. Borda",
	title = "M?moires sur les ?lections au scrutin",
	journal = "Histoires de l'Acad?mie Royale des Sciences",
	year = "1781"
}

@Article{ braysy01,
	author = "O. Br{\"a}ysy and M. Gendreau",
	title = "Vehicle routing problem with time windows, part I: Route construction and local search algorithms",
	journal = "Transportation Science",
	volume = "39",
	number = "1",
	pages = "104?118",
	year = "2005"
}

@Article{ braysy02,
	author = "O. Br{\"a}ysy and M. Gendreau",
	title = "Vehicle routing problem with time windows, part II: Metaheuristics",
	journal = "Transportation Science",
	volume = "39",
	number = "1",
	pages = "119?139",
	year = "2005"
}

@Article{ brent,
	author = "R. P. Brent and F. T. Luk",
	title = "The Solution of Singular-Value and Symmetric Eigenvalue Problems on Multiprocessor Arrays",
	journal = "SIAM J. Sci. and Stat. Comput.",
	year = "1985",
	volume = "6",
	pages = "69--84"
}

@InCollection{ brin01,
	author = "S. Brin and L. Page",
	title = "The anatomy of a large-scale hypertextual Web search engine",
	booktitle = "Proceedings of the Seventh International Conference on World Wide Web",
	year = "1998",
	volume = "7",
	pages = "107--117"
}

@InCollection{ brin02,
	author = "S. Brin and L. Page and R. Motwami and T. Winograd",
	title = "The PageRank Citation Ranking: Bringing Order to the Web",
	booktitle = "Techincal Report 1999-0120, Computer Science Department",
	publisher = "Stanford University, Stanford, CA",
	year = "1999"
}

@Article{ chernoff,
	author = "H. Chernoff",
	title = "Rational selection of decision functions",
	journal = "Econometrica",
	volume = "22",
	pages = "422--443"
}

@Book{ condorcet,
	title = "Essai sur l'application de l'analys? a la probabilt? des d?cisions rendues 'a la pluralite' des voix",
	publisher = "Paris",
	year = "1785",
	author = "M. {de Condorcet}"
}

@Article{ cordeau01,
	author = "J.-F. Cordeau",
	title = "A Branch-and-cut algorithm for the dial-a-ride problem",
	journal = "Operations Research",
	year = "2006",
	volume = "54",
	pages = "573--586"
}

@Article{ cordeau07,
	author = "J.-F. Cordeau and G. Laporte",
	title = "The Dial-a-Ride Problem: Models and Algorithms",
	journal = "Annals of Operations Research",
	year = "2007c",
	volume = "153",
	pages = "29--46"
}

@Article{ cordeau03,
	author = "J.-F. Cordeau and G. Laporte",
	title = "The dial-a-ride problem (DARP): variants, modeling numbers and algorithms",
	journal = "4OR: A Quarterly Journal of Operations Research",
	year = "2003b",
	volume = "1",
	pages = "89--101"
}

@Article{ cordeau02,
	author = "J.-F. Cordeau and G. Laporte",
	title = "A tabu search heuristic for the static multi-vehicle dial-a-ride problem",
	journal = "Transportation Research B",
	year = "2003a",
	volume = "37",
	pages = "579--594"
}

@Article{ cordeau04,
	author = "J.-F. Cordeau and G. Laporte and A. Mercier",
	title = "A unified tabu search heuristic for vehicle routing problems with time windows",
	journal = "Journal of the Operational Research Society",
	year = "2001",
	volume = "52",
	pages = "928--936"
}

@InCollection{ cordeau05,
	author = "J.-F. Cordeau and G. Laporte and J.-Y. Potvin and M.W.P. Savelsbergh",
	title = "Transportation on demand",
	booktitle = "Transportation",
	publisher = "Amsterdam: North-Holland",
	year = "2007a",
	pages = "429--466"
}

@InCollection{ cordeau06,
	author = "J.-F. Cordeau and G. Laporte and M.W.P. Savelsbergh and D. Vigo",
	title = "Vehicle routing",
	booktitle = "Transportation",
	publisher = "Amsterdam: North-Holland",
	year = "2007a",
	pages = "429--466"
}

@Article{ cori,
	author = "R. Cori",
	title = "Indecomposable permutations, hypermaps and labeled Dyck paths",
	journal = "Journal of Combinatorial Theory, Series A",
	volume = "116",
	number = "8",
	year = "2009",
	pages = "1326--1343"
}

@Article{ corloni,
	author = "A. Corloni and G. Righini",
	title = "Modeling and optimizing dynamic dial-a-ride problems",
	journal = "International Transactions in Operational Research",
	year = "2001",
	volume = "8",
	pages = "155--166"
}

@Article{ cortes,
	author = "Cristian E. Cortes and R. Jayakrishnan",
	title = "Design and Operational Concepts of a High Coverage Point-to-Point Transit System",
	journal = "Center for Traffic Simulation Studies",
	year = "2001"
}

@Article{ coslovich,
	author = "L. Coslovich and R. Pesenti and W. Ukovich",
	title = "A two-phase insertion technique of unexpected customers for a dynamic dial-a-ride problem",
	journal = "European Journal of Operational Research",
	year = "2006",
	volume = "175",
	pages = "1605--1615"
}

@InCollection{ desrosiers03,
	author = "J. Desrosiers and Y. Dumas and M. M. Solomon and F. Soumis",
	title = "Time constrained routing and scheduling",
	booktitle = "Handbooks in Operations Research and Management Science",
	publisher = "Elsevier Science Publishers, Amsterdam, The Netherlands",
	year = "1995",
	chapter = "8",
	pages = "35--139",
	owner = "lehame",
	timestamp = "2009.09.22"
}

@Article{ desrosiers01,
	author = "J. Desrosiers and Y. Dumas and F. Soumis",
	title = "A dynamic programming solution of the large-scale singlevehicle dial-a-ride problem with time windows",
	journal = "American Journal of Mathematical and Management Sciences",
	year = "1986",
	volume = "6",
	pages = "301--325"
}

@InCollection{ desrosiers02,
	author = "J. Desrosiers and Y. Dumas and F. Soumis and S. Taillefer and D. Villeneuve",
	title = "An algorithm for mini-clustering in handicapped transport",
	booktitle = "Les Cahiers du GERAD",
	publisher = "HEC Montr?al",
	year = "1991",
	pages = "G--91--02"
}

@Book{ detr,
	author = "Department of the Environment Transport and {the Regions}",
	year = "2000",
	title = "Social exclusion and the provision and availability of public transport",
	publisher = "DETR, London"
}

@Article{ dial,
	author = "R.B. Dial",
	title = "Autonomous Dial-A-Ride Transit: Introductory Survey",
	journal = "Transportation Research Part C",
	year = "1995",
	volume = "5",
	pages = "261--275"
}

@Article{ diana,
	author = "M. Diana and M. Dessouky",
	title = "A new regret insertion heuristic for solving large-scale dial-a-ride problems with time windows",
	journal = "Transportation Research Part B",
	year = "2004",
	volume = "38",
	pages = "539--557"
}

@Article{ diana2007,
	title = "Emissions of demand responsive services as an alternative to conventional transit systems",
	author = "M. Diana and L. Quadrifoglio and C. Pronelloa",
	journal = "Transportation Research Part D: Transport and Environment",
	volume = "12",
	number = "3",
	year = "2007",
	pages = "183--188"
}

@InCollection{ drinea,
	author = "E. Drinea and P. Drineas and P. Huggins",
	title = "A randomized singular value decomposition algorithm for image processing",
	year = "2001",
	series = "Panhellenic Conference on Informatics",
	owner = "lehame",
	timestamp = "2009.09.22"
}

@InCollection{ drineas,
	author = "P. Drineas and A. Frieze and R. Kannan and S. Vempala and V. Vinay",
	title = "Clustering in Large Graphs and Matrices",
	year = "1999",
	series = "ACM-SIAM Symposium of Discrete Algorihtms",
	owner = "lehame",
	timestamp = "2009.09.22"
}

@Article{ dumais,
	author = "Susan T. Dumais",
	title = "Improving the retrieval of information from external sources",
	journal = "Behavior Research Methods, Instruments and Computers",
	year = "1991",
	volume = "23",
	pages = "229?236"
}

@InCollection{ dumas01,
	author = "Y. Dumas and J. Desrosiers and F. Soumis",
	title = "Large scale multi-vehicle dial-a-ride problems",
	booktitle = "Les Cahiers du GERAD",
	publisher = "HEC Montr?al",
	year = "1989a",
	pages = "G--89--30"
}

@InCollection{ dumas02,
	author = "Y. Dumas and F. Soumis and J. Desrosiers",
	title = "Optimizing the schedule for a fixed vehicle path with convex inconvenience cost",
	booktitle = "Les Cahiers du GERAD",
	publisher = "HEC Montr?al",
	year = "1989b",
	pages = "G--89--08"
}

@Article{ dumas03,
	author = "Y. Dumas and J. Desrosiers and F. Soumis",
	title = "The pickup and delivery problem with time windows",
	journal = "European Journal of Operational Research",
	volume = "54",
	year = "1991",
	pages = "7--22"
}

@Article{ dumitrescu,
	author = "A. Dumitrescu and J. S. B. Mitchell",
	title = "Approximation algorithms for TSP with neighborhoods in the plane",
	journal = "In Proc. 12th Annual ACM-SIAM Symposium on Discrete Algorithms",
	pages = "38--46",
	year = "2001"
}

@Article{ farahat,
	author = "A. Farahat and T. LoFaro and J. C. Miller and G. Rae and L.A. Ward",
	title = "Authority rankings from HITS, PageRank, and SALSA: existence, uniqueness, and effect of initialization",
	journal = "SIAM Journal on Scientific Computing",
	year = "2006",
	volume = "27",
	pages = "1181--1201"
}

@Article{ feuerstein,
	author = "E. Feuerstein and L. Stougie",
	title = "On-line single-server dial-a-ride problems",
	journal = "Theoretical Computer Science",
	volume = "268",
	pages = "91--105",
	year = "2001"
}

@Article{ frazzoli,
	author = "E. Frazzoli and F. Bullo",
	title = "Decentralized algorithms for vehicle routing in a stochastic time-varying environment",
	journal = "In Proc. IEEE Conf. on Decision and Control, Paradise Island, Bahamas",
	year = "2004"
}

@Book{ friedman,
	title = "Essays in Positive Economics",
	author = "M. Friedman",
	publisher = "University of Chicago Press",
	year = "1953",
	pages = "3--43"
}

@InCollection{ frieze,
	author = "A. Frieze and R. Kannan and S. Vempala",
	title = "Fast Monte-Carlo Algorithms for Low-Rank Approximations",
	year = "1998",
	series = "39th Symposium on Foundations of Computing",
	pages = "370--378",
	owner = "lehame",
	timestamp = "2009.09.22"
}

@Article{ fu,
	author = "L. Fu",
	title = "Scheduling dial-a-ride paratransit under time-varying, stochastic congestion",
	journal = "Transportation Research Part B",
	year = "2002",
	volume = "36",
	pages = "485--506"
}

@Article{ gaboune,
	author = "B. Gaboune and G. Laporte and F. Soumis",
	title = "Expected Distances Between Two Uniformly Distributed Random Points in Rectangles and Rectangular Parallelepipeds",
	journal = "Journal of the Operational Research Society",
	year = "1993",
	volume = "40",
	pages = "513--519"
}

@Article{ gendreau03,
	author = "M. Gendreau and F. Guertin and J.-Y. Potvin and E. Taillard",
	title = "Parallel tabu search for real-time vehicle routing and dispatching",
	journal = "Transportation Science",
	year = "1999",
	volume = "33",
	pages = "381--390"
}

@Article{ gendreau01,
	author = "M. Gendreau and A. Hertz and G. Laporte",
	title = "A tabu search heuristic for the vehicle routing problem",
	journal = "Management Science",
	year = "1994",
	volume = "40",
	pages = "1276--1290"
}

@Article{ gendreau02,
	author = "M. Gendreau and G. Laporte and F. Semet",
	title = "A dynamic model and parallel tabu search algorithm for real-time ambulance relocation",
	journal = "Parallel Computing",
	year = "2001",
	volume = "27",
	pages = "1641--1653"
}

@InCollection{ gendreau04,
	author = "M. Gendreau and J.-Y. Potvin",
	title = "Dynamic Vehicle Routing and Dispatching",
	booktitle = "Fleet Management and Logistics",
	publisher = "Kluwer Academic Publishers",
	year = "1998",
	pages = "115--126"
}

@Article{ gendreau2006,
	author = "M. Gendreau and F. Guertin and J.-Y. Potvin and R. S?guin",
	title = "Neighborhood search heuristics for a dynamic vehicle dispatching problem with pick-ups and deliveries",
	journal = "Transportation Research Part C",
	volume = "14",
	year = "2006",
	pages = "157--174"
}

@Article{ ghiani2003,
	author = "G. Ghiani and F. Guerriero and G. Laporte and R. Musmanno",
	title = "Real-time vehicle routing: Solution concepts, algorithms and parallel computing strategies",
	journal = "European Journal of Operational Research",
	volume = "151",
	pages = "1--11",
	year = "2003"
}

@Article{ ghiani2009,
	author = "G. Ghiani and E. Manni and A. Quaranta and C. Triki",
	title = "Anticipatory algorithms for same-day courier dispatching",
	journal = "Transportation Research Part E",
	volume = "45",
	year = "2009",
	pages = "96--106"
}

@Book{ golub,
	title = "Matrix Computations",
	publisher = "Johns Hopkins University Press, London",
	year = "1989",
	author = "G. H. Golub and C. F. Van Loan",
	owner = "lehame",
	timestamp = "2009.09.22"
}

@Article{ gudmundsson,
	author = "J. Gudmundsson and C. Levcopoulos",
	title = "A fast approximation algorithm for TSP with neighborhoods",
	journal = "Nordic Journal of Computing",
	volume = "6",
	number = "4",
	pages = "469--488",
	year = "1999"
}

@Article{ horn,
	author = "M.E.T. Horn",
	title = "Fleet scheduling and dispatching for demand-responsive passenger services",
	journal = "Transportation Research Part C",
	year = "2002",
	volume = "10",
	pages = "35--63"
}

@InProceedings{ hyytia,
	author = "E. Hyyti{\"a} and L. H{\"a}me and A. Penttinen and R. Sulonen",
	title = "Simulation of a large scale dynamic pickup and delivery problem",
	year = "2010",
	booktitle = "Proceedings of SIMUTools 2010"
}

@article{eadarp,
	author = "L.E. H{\"a}me",
	title = "An Adaptive Insertion Algorithm for the Single Vehicle Dial-A-Ride Problem with Narrow Time Windows",
	year = "2011",
	journal = "European Journal of Operational Research",
volume = "209", 
year = "2011",
pages = "11-22", 
}

@Article{ jaw,
	author = "J.J. Jaw and A.R. Odoni and H.N. Psaraftis and N.H.M. Wilson",
	title = "A heuristic algorithm for the multi-vehicle advance-request dial-a-ride problem with time windows",
	journal = "Transportation Research Part B",
	year = "1986",
	volume = "20",
	pages = "243--257"
}

@InCollection{ kleinberg,
	author = "J. Kleinberg",
	title = "Authoritative sources in a hyperlinked environment",
	booktitle = "Proceedings of the Ninth Annual ACM-SIAM Symposium of Discrete Algorithms",
	publisher = "ACM Press, New York",
	year = "1998",
	pages = "668--677"
}

@Article{ langville,
	author = "A.N. Langville and C.D. Meyer",
	title = "A survey of eigenvector methods of web information retrieval",
	journal = "SIAM Review",
	year = "2005",
	volume = "47",
	pages = "135--161"
}

@Article{ larsen,
	author = "A. Larsen",
	title = "The dynamic vehicle routing problem",
	journal = "PhD thesis, Technical University of Denmark",
	year = "2000"
}

@Article{ larsen02,
	author = "A. Larsen and O. B. G. Madsen and M. Solomon",
	year = "2002",
	title = "Partially Dynamic Vehicle Routing ? Models and Algorithms",
	journal = "Journal of the Operational Research Society",
	volume = "38",
	pages = "637--646"
}

@Article{ lempel,
	author = "Ronny Lempel and S. Moran",
	title = "The stochastic approach for link-structure analysis (SALSA) and the TKC effect",
	journal = "In The Ninth International WWW Conference, May 2000"
}

@Article{ lipmann,
	author = "M. Lipmann and X. Lu and W. E. {de Paepe} and R. A. Sitters and L. Stougie",
	title = "On-line dial-a-ride problems under restricted information model",
	journal = "Algorithmica",
	volume = "40",
	pages = "319--329",
	year = "2004"
}

@Article{ madsen,
	author = "O. B. G. Madsen and H. F. Ravn and J. M. Rygaard",
	title = "A heuristic algorithm for the a dial-a-ride problem with time windows, multiple capacities, and multiple objectives",
	journal = "Annals of Operations Research",
	year = "1995",
	volume = "60",
	pages = "193--208"
}

@Article{ mageean,
	author = "J. Mageean and J. D. Nelson",
	year = "2003",
	title = "The evaluation of demand responsive transport services in Europe",
	journal = "Journal of Transport Geography",
	volume = "11",
	number = "4",
	pages = "255--270"
}

@Article{ mata,
	author = "C. Mata and J. S. B. Mitchell",
	title = "Approximation algorithms for geometric tour and network design problems",
	journal = "In Proc. 11th Annual ACM Symposium on Computational Geometry",
	pages = "360--369",
	year = "1995"
}

@InCollection{ mitchell,
	author = "J. S. B. Mitchell",
	title = "A PTAS for TSP with neighborhoods among fat regions in the plane",
	booktitle = "Proceedings of the eighteenth annual ACM-SIAM symposium on Discrete algorithms",
	publisher = "Society for Industrial and Applied Mathematics",
	pages = "11--18",
	year = "2007"
}

@Article{ mitrovic01,
	author = "S. Mitrovic-Minic and G. Laporte",
	title = "Waiting strategies for the dynamic pickup and delivery problem with time windows",
	journal = "Transportation Research Part B",
	volume = "38",
	year = "2004",
	pages = "635--655"
}

@Article{ mitrovic02,
	author = "S. Mitrovic-Minic and R. Krishnamurti and G. Laporte",
	title = "Double-horizon based heuristics for the dynamic pickup and delivery problem with time windows",
	journal = "Transportation Research Part B",
	volume = "38",
	year = "2004",
	pages = "669--685"
}

@Article{ mulley,
	title = "Flexible transport services: A new market opportunity for public transport",
	author = "C. Mulley and J. D. Nelson",
	journal = "Research in Transportation Economics",
	year = "2009",
	volume = "25",
	number = "1",
	pages = "39--45"
}

@Article{ ng,
	author = "Andrew Y. Ng and Alice X. Zheng and Michael I. Jordan",
	title = "Stable Algorithms for Link Analysis",
	journal = "SIGIR01, September 912, 2001, New Orleans, Louisiana, USA"
}

@Article{ papadimitriou,
	author = "C.H. Papadimitriou",
	title = "The Euclidean Travelling Salesman Problem is NP-Complete",
	journal = "Theoret. Comput. Sci.",
	year = "1977",
	volume = "4",
	pages = "237--244"
}

@Book{ parlett,
	title = "The Symmetric Eigenvalue Problem",
	publisher = "SIAM",
	year = "1997",
	author = "B. Parlett",
	series = "Classics in Applied Mathematics",
	owner = "lehame",
	timestamp = "2009.09.22"
}

@Unpublished{ pavone,
	author = "M. Pavone and N. Bisnik and E. Frazzoli and V. Isler",
	title = "A Stochastic and Dynamic Vehicle Routing Problem with Time Windows and Customer Impatience",
	journal = "ACM/Springer Journal of Mobile Networks and Applications (MONET)",
	year = "2008"
}

@Article{ pavone02,
	author = "M. Pavone and E. Frazzoli and F. Bullo",
	title = "Decentralized algorithms for stochastic and dynamic vehicle routing with general target distribution",
	journal = "In Proc. IEEE Conference on Decision and Control, New Orleans, LA",
	year = "2007"
}

@Book{ polak,
	title = "Analytical Transport Economics: An International Perspective",
	author = "J. B. Polak and A. Heertje",
	publisher = "Edward Elgar Publishing Ltd",
	year = "2001"
}

@InCollection{ powell,
	author = "W. B. Powell and B. Bouzaiene-Ayari and H. P. Simao",
	title = "Dynamic Models for Freight Transportation",
	booktitle = "Transportation",
	publisher = "Amsterdam: North-Holland",
	year = "2007a",
	pages = "285--365"
}

@InCollection{ powell95,
	author = "W. B. Powell and P. Jaillet and A. Odoni",
	title = "Stochastic and Dynamic Networks and Routing",
	booktitle = "Network Routing",
	publisher = "Amsterdam: North-Holland",
	year = "1995",
	volume = "8",
	pages = "141--295"
}

@Article{ psaraftis04,
	author = "H.N. Psaraftis",
	title = "Dynamic vehicle routing: status and prospects",
	journal = "Annals of Operations Research",
	year = "1995",
	volume = "61",
	pages = "143--164"
}

@InCollection{ psaraftis03,
	author = "H.N. Psaraftis",
	title = "Dynamic vehicle routing problems",
	booktitle = "Vehicle routing: method and studies",
	publisher = "Amsterdam: North-Holland",
	year = "1988",
	pages = "223--248"
}

@Article{ psaraftis02,
	author = "H.N. Psaraftis",
	title = "An exact algorithm for the single-vehicle many-to-many dial-a-ride problem with time windows",
	journal = "Transportation Science",
	year = "1983",
	volume = "17",
	pages = "351--357"
}

@Article{ psaraftis01,
	author = "H.N. Psaraftis",
	title = "A dynamic programming approach to the single-vehicle, many-to-many immediate request dial-a-ride problem",
	journal = "Transportation Science",
	year = "1980",
	volume = "14",
	pages = "130--154"
}

@Article{ rodier,
	journal = "Transportation Research Part C: Emerging Technologies",
	volume = "6",
	number = "1-2",
	year = "1998",
	pages = "141--156",
	title = "Evaluation of advanced transit alternatives using consumer welfare",
	author = "C. J. Rodier and R. A. Johnston and D. R. Shabazian"
}

@Article{ saez,
	author = "D. S?ez and C. Cort?s and A. N??ez",
	title = "Hybrid adaptive predictive control for the multi-vehicle dynamic pick-up and delivery problem based on genetic algorithms and fuzzy clustering",
	journal = "Computers and Operations Research",
	volume = "35",
	year = "2008",
	pages = "3412--3438"
}

@Article{ savelsbergh,
	author = "M.W.P. Savelsbergh",
	title = "The vehicle routing problem with time windows: minimizing route duration",
	journal = "ORSA Journal on Computing",
	year = "1992",
	volume = "4",
	pages = "146--154"
}

@Article{ savelsbergh02,
	author = "M. W. P. Savelsbergh",
	title = "Local search in routing problems with time windows",
	journal = "Annals of Operations Research",
	volume = "4",
	number = "1",
	pages = "285--305",
	year = "1985"
}

@Article{ savelsbergh03,
	author = "M.W.P. Savelsbergh and M. Sol",
	title = "{DRIVE}: Dynamic routing of independent vehicles",
	journal = "Operations Research",
	volume = "46",
	year = "1998"
}

@Article{ sen,
	author = "A. K. Sen",
	title = "Social choice theory: a re-examination",
	journal = "Econometrica",
	volume = "45",
	pages = "53--89"
}

@Article{ sen2,
	author = "A. K. Sen",
	title = "Collective Choice and Social Welfare",
	journal = "Holden-Day, San Francisco",
	year = "1970"
}

@Book{ sexton01,
	title = "The single vehicle many-to-many routing and scheduling problem",
	publisher = "Ph.D. dissertation, SUNY at Stony Brook",
	year = "1979",
	author = "T. Sexton",
	owner = "lehame",
	timestamp = "2009.09.22"
}

@Article{ sexton02,
	author = "T. Sexton and L. D. Bodin",
	year = "1985a",
	title = "Optimizing single vehicle many-to-many operations with desired delivery times: I. Scheduling",
	journal = "Transportation Science",
	volume = "19",
	pages = "378--410"
}

@Article{ sexton03,
	author = "T. Sexton and L. D. Bodin",
	title = "Optimizing single vehicle many-to-many operations with desired delivery times: II. Routing",
	journal = "Transportation Science",
	year = "1985b",
	volume = "19",
	pages = "411--435",
	owner = "lehame",
	timestamp = "2009.09.22"
}

@Book{ sihvola,
	author = "T. Sihvola and L. H{\"a}me and R. Sulonen",
	title = "Passenger Pooling and Trip Combining Potential of High-Density Demand Responsive Transport",
	publisher = "Presented at the Annual Meeting of the Transportation Research Board, Washington D.C.",
	year = "2010"
}

@InCollection{ simon,
	author = "H. Simon",
	year = "1957",
	title = "A Behavioral Model of Rational Choice",
	booktitle = "Models of Man, Social and Rational: Mathematical Essays on Rational Human Behavior in a Social Setting",
	publisher = "New York: Wiley"
}

@Article{ solomon,
	author = "M. M. Solomon",
	title = "Algorithms for the Vehicle Routing and Scheduling Problems with Time Window Constraints",
	journal = "Operations Research",
	year = "1987",
	volume = "35",
	pages = "254--265",
	number = "2",
	owner = "lehame",
	timestamp = "2009.09.22"
}

@Article{ talvitie,
	journal = "Transportation Research Part B: Methodological",
	volume = "14",
	number = "1-2",
	year = "1980",
	pages = "87--99",
	title = "Models for transportation level of service",
	author = "A. Talvitie and Y. Dehghani"
}

@Article{ teal,
	author = "Roger F. Teal",
	title = "Journal of Intelligent Transportation Systems: Technology, Planning, and Operations",
	year = "1994",
	volume = "1",
	pages = "1547--2442",
	number = "3",
	owner = "lehame",
	timestamp = "2009.09.22"
}

@Article{ teodorovic,
	author = "D. Teodorovic and G. Radivojevic",
	title = "A fuzzy logic approach to dynamic dial-a-ride problem",
	journal = "Fuzzy Sets and Systems",
	year = "2000",
	volume = "116",
	pages = "23--33"
}

@Book{ toth03,
	title = "The vehicle routing problem",
	publisher = "Philadelphia, PA",
	year = "2002",
	author = "P. Toth and D. Vigo",
	incollection = "SIAM Monographs on Discrete Mathematics and Applications"
}

@Article{ toth02,
	author = "P. Toth and D. Vigo",
	title = "Heuristic algorithms for the handicapped persons transportation problem",
	journal = "Transportation Science",
	year = "1997",
	volume = "31",
	pages = "60--71"
}

@InCollection{ toth01,
	author = "P. Toth and D. Vigo",
	title = "Fast local search algorithms for the handicapped persons transportation problem",
	booktitle = "Meta-heuristics: theory and applications",
	publisher = "Boston: Kluwer",
	year = "1996",
	pages = "23--33"
}

@Article{ tuomisto,
	author = "Jouni T Tuomisto and Marko Tainio",
	title = "An economic way of reducing health, environmental, and other pressures of urban traffic: a decision analysis on trip aggregation",
	journal = "BioMed Central, November 25",
	year = "2005",
	owner = "lehame",
	timestamp = "2009.09.22"
}

@Article{ wong,
	author = "K.I. Wong and M.G.H. Bell",
	title = "Solution of the dial-a-ride problem with multi-dimensional capacity constraints",
	journal = "International Transactions in Operational Research",
	year = "2006",
	volume = "13",
	pages = "195--208"
}

@Article{ xiaoyan,
	author = "Xiaoyan Zhang and Michael W. Berry and Padma Raghavan",
	title = "Level search schemes for information filtering and retrieval",
	journal = "Information Processing and Management",
	year = "2001",
	volume = "37",
	pages = "313--334"
}

@Article{ yang2005,
	title = "A Multiperiod Dynamic Model of Taxi Services with Endogenous Service Intensity",
	author = "H. Yang and M. Ye and W. H.-C. Tang and S. C. Wong",
	journal = "Operations Research",
	volume = "53",
	number = "3",
	year = "2005",
	pages = "501--515"
}

@Article{ yang2002,
	author = "H. Yang and S.C. Wong and K.I. Wong",
	year = "2002",
	title = "Demand-supply equilibrium of taxi services in a network under competition and regulation",
	journal = "Transportation Research Part B",
	volume = "36",
	pages = "799--819"
}

@Article{ wardman01,
	author = "M. Wardman",
	title = "Public transport values of time",
	journal = "Transport Policy",
	volume = "11",
	number = "4",
	year = "2004",
	pages = "363--377"
}

@Article{ wardman02,
	author = "M. Wardman",
	title = "A review of British evidence on time and service quality valuations",
	journal = "Transportation Research Part E",
	volume = "37",
	number = "2-3",
	year = "2001",
	pages = "107--128"
}

@Book{ black,
	author = "A. Black",
	title = "Urban mass transportation planning",
	publisher = "McGraw-Hill, New York",
	year = "1995"
}

@Book{ enoch,
	author = "M. Enoch and S. Potter and G. Parkhurst and M. Smith",
	title = "Intermode: Innovations in Demand Responsive Transport. Intermode Final Report",
	publisher = "Department for Transport and Greater Manchester Passenger Transport Executive, Manchester",
	year = "2004"
}

@Book{ finn,
	author = "B. Finn",
	title = "Analysis of User Needs for Demand Responsive Transport Services",
	publisher = "Deliverable no. D3, SAMPO project - TR1046, European Commission",
	year = "1996"
}

@Book{ bakker,
	author = "P. Bakker",
	title = "Large scale demand responsive transit systems - A local suburban transport solution for the next millennium",
	publisher = "Presented at European Transport Conference, Cambridge, UK",
	year = "1999"
}

@Book{ round,
	author = "A. Round and R. Cervero",
	title = "Future ride: Adapting new technologies to paratransit in the United States",
	publisher = "Working Paper 306. University of California Transportation Center, UC Berkeley, CA",
	year = "1996"
}

@InCollection{ fu2,
	author = "L. Fu and J. Yang and J. Casello and C. E. Cort?s and R. Jayakrishnan",
	title = "Quantifying Technical Efficiency of Paratransit Systems by Data Envelopment Analysis Method",
	booktitle = "Transportation Research Record: Journal of the Transportation Research Board, No. 2034",
	publisher = "Transportation Research Board of the National Academies, Washington, D.C.",
	year = "2007",
	pages = "115--122"
}

@Book{ lave,
	author = "R. E. Lave and R. Teal and P. Piras",
	title = "A Handbook for Acquiring Demand-Responsive Transit Software",
	publisher = "TCRP Report 18. Transportation Research Board",
	year = "1996"
}

@Book{ cervero,
	author = "R. Cervero",
	title = "The Transit Metropolis",
	publisher = "Island Press, Washington D.C.",
	year = "1998"
}

@Article{ quadrifoglio,
	author = "L. Quadrifoglio and M. Dessouky and F. Ord??ez",
	title = "A simulation study of demand responsive transit system design",
	journal = "Transportation Research Part A",
	volume = "42",
	number = "4",
	year = "2008",
	pages = "718--737"
}

@Book{ westerlund,
	author = "Y. Westerlund and A. St?hl and J. Nelson and J. Mageean",
	title = "Transport Telematics for elderly users: Successful Use of Automated Booking and Call-back for Demand Responsive Transport Services in Gothenburg",
	publisher = "Presented at 7th ITS World Congress, Turin, Italy",
	year = "2000"
}

@Article{ palmer,
	author = "K. Palmer and M. Dessouky and T. Abdelmaguid",
	title = "Impacts of management practices and advanced technologies on demand responsive transit systems",
	journal = "Transportation Research Part A",
	volume = "38",
	number = "7",
	year = "2004",
	pages = "495--509"
}

@Article{ waisanen,
	author = "H.A. Waisanen and D. Shah and M.A. Dahleh",
	title = "A dynamic pickup and delivery problem in mobile networks under information constraints",
	journal = "{IEEE} Trans.\ on Automatic Control",
	volume = "53",
	year = "2008",
	pages = "1419--143"
}

@Article{ hlv-rwp,
	author = "Esa Hyyti{\"a} and Pasi Lassila and Jorma Virtamo",
	title = "Spatial Node Distribution of the Random Waypoint Mobility Model With Applications",
	journal = "{IEEE} Trans.\ on Mobile Computing",
	volume = "5",
	number = "6",
	pages = "680--694",
	month = jun,
	year = "2006"
}

@Article{ little-or-1961,
	AUTHOR = "John D. C. Little",
	TITLE = "A Proof of the Queueing Formula {$L = \lambda W$}",
	JOURNAL = "Operations Research",
	volume = "9",
	number = "9",
	pages = "383/387",
	year = "1961"
}

@Article{ Matsumoto-TOMACS-1998,
	author = "Makoto Matsumoto and Takuji Nishimura",
	title = "Mersenne twister: a 623-dimensionally equidistributed uniform pseudo-random number generator",
	JOURNAL = "ACM Trans. on Modeling and Computer Simulation",
	month = jan,
	year = 1998,
	volume = "8",
	number = "1"
}

@InCollection{ LEcuyer-handbook-2004,
	AUTHOR = "P. L'Ecuyer",
	TITLE = "Random Number Generation",
	CHAPTER = "2",
	BOOKTITLE = "Handbook of Computational Statistics",
	EDITORS = "J. E. Gentle and W. Haerdle and Y. Mori",
	PUBLISHER = "Springer-Verlag",
	YEAR = "2004",
	PAGES = "35--70"
}

@Article{ Bettstetter-MobileComputing-2003,
	AUTHOR = "Christian Bettstetter and Giovanni Resta and Paolo Santi",
	TITLE = "The node distribution of the random waypoint mobility model for wireless ad hoc networks",
	JOURNAL = "{IEEE} Trans. on Mobile Computing",
	VOLUME = "2",
	NUMBER = "3",
	PAGES = "257--269",
	MONTH = "Jul.--Sept.",
	YEAR = "2003"
}

@Article{ Navidi-MobileComputing-2004,
	AUTHOR = "W. Navidi and T. Camp",
	TITLE = "Stationary Distributions for the Random Waypoint Mobility Model",
	JOURNAL = "{IEEE} Trans. on Mobile Computing",
	VOLUME = "3",
	NUMBER = "1",
	PAGES = "99--108",
	MONTH = "Jan-Mar",
	YEAR = "2004"
}

@Book{ Banks-2001,
	AUTHOR = "Jerry~Banks and John~S.~Carson~II and Barry~L.~Nelson and David~M.~Nicol",
	TITLE = "Discrete-Event System Simulation",
	EDITION = "Third",
	PUBLISHER = "Prentice-Hall",
	SERIES = "Prentice-Hall International Series in Industrial and Systems Engineering",
	YEAR = "2001"
}

