@Book{detr,
  author        = {Department of the Environment Transport and the Regions},
  title         = {Social exclusion and the provision and availability of public transport},
  year          = {2000},
  publisher     = {DETR, London}
}

@Article{mageean,
  journal       = {Journal of Transport Geography},
  author        = {J. Mageean and J. D. Nelson},
  title         = {The evaluation of demand responsive transport services in Europe},
  pages         = {255-270},
  volume        = {11},
  number        = {4},
  year          = {2003}
}

@Article{Agosti2005,
  journal       = {Information Retrieval},
  timestamp     = {2010.09.27},
  author        = {M. Agosti and L. Pretto},
  title         = {A Theoretical Study of a Generalized Version of Kleinberg's {HITS}
 Algorithm},
  pages         = {219-243},
  volume        = {8},
  owner         = {lehame},
  year          = {2005}
}
@Book{aizerman,
  author        = {M. Aizerman and F. Aleskerov},
  title         = {Theory of choice},
  pages         = {x+314},
  incollection  = {Studies in Mathematical and Managerial Economics 38},
  year          = {1995},
  publisher     = {North-Holland Publishing Co. Amsterdam}
}
@InProceedings{alon,
  author        = {N. Alon and R. Yuster and U. Zwick},
  title         = {Color-coding: a new method for finding simple paths, cycles and other small subgraphs within large graphs},
  pages         = {326-335},
  booktitle     = {STOC '94: Proceedings of the twenty-sixth annual ACM symposium on Theory of computing},
  year          = {1994},
  publisher     = {ACM Press}
}
@Book{Anderson2005,
  timestamp     = {2010.09.27},
  author        = {J. W. Anderson},
  title         = {Hyperbolic Geometry, second edition},
  owner         = {lehame},
  year          = {2005},
  publisher     = {Springer}
}
@Article{andre,
  journal       = {CHI '07 extended abstracts},
  author        = {P. Andr� and M. L. Wilson and A. Owens and D.A. Smith},
  title         = {D. A. Journey planning based on user needs},
  pages         = {2025-2030},
  year          = {2007}
}
@Unknown{andre,
  author        = {P. Andr� and M. L. Wilson and A. Owens and D.A. Smith},
  title         = {Journey planning based on user needs},
  pages         = {2025-2030},
  booktitle     = {CHI '07 extended abstracts},
  year          = {2007}
}
@Article{Arora1998,
  journal       = {J. ACM},
  timestamp     = {2010.09.27},
  author        = {S. Arora},
  title         = {Polynomial time approximation schemes for Euclidean traveling salesman
 and other geometric problems},
  pages         = {753-782},
  volume        = {45},
  owner         = {lehame},
  year          = {1998}
}
@Article{arrow,
  journal       = {Economica},
  author        = {K. J. Arrow},
  title         = {Rational Choice Functions and Orderings},
  pages         = {121-127},
  volume        = {26}
}
@Article{attanasio,
  timestamp     = {2010.09.27},
  journal       = {Parallel Computing},
  author        = {A. Attanasio and J.-F. Cordeau and G. Ghiani and G. Laporte},
  title         = {Parallel tabu search heuristics for the dynamic multi-vehicle dial-a-ride problem},
  pages         = {377-387},
  owner         = {lehame},
  volume        = {30},
  year          = {2004}
}
@Book{Banks-2001,
  author        = {Jerry~Banks and John~S.~Carson~II and Barry~L.~Nelson and David~M.~Nicol},
  series        = {Prentice-Hall International Series in Industrial and Systems Engineering},
  edition       = {Third},
  title         = {Discrete-Event System Simulation},
  year          = {2001},
  publisher     = {Prentice-Hall}
}
@Article{beecroft,
  journal       = {Engineering Sustainability},
  author        = {M. Beecroft and M. McDonald and M. Bespoke},
  nubmer        = {2},
  title         = {Services for personal travel and goods movement},
  pages         = {83-88},
  volume        = {158},
  number        = {2},
  year          = {2005}
}
@Article{bellman,
  journal       = {Journal of Mathematics and Mechanics},
  author        = {R. Bellman},
  title         = {A Markovian Decision Process},
  number        = {6},
  year          = {1957}
}
@Article{bent,
  timestamp     = {2010.09.27},
  journal       = {Computers \& Operations Research},
  author        = {R. Bent and P. {Van Hentenryck}},
  title         = {A two-stage hybrid algorithm for pickup and delivery vehicle routing problems with time windows},
  pages         = {875-893},
  owner         = {lehame},
  volume        = {33},
  year          = {2006},
  number        = {4}
}
@Article{berbeglia,
  journal       = {European Journal of Operational Research},
  author        = {G. Berbeglia and J-F. Cordeau and G. Laporte},
  title         = {Dynamic pickup and delivery problems},
  pages         = {8-15},
  volume        = {202},
  year          = {2010}
}
@Article{berbeglia,
  timestamp     = {2010.09.27},
  journal       = {European Journal of Operational Research},
  author        = {G. Berbeglia and J-F. Cordeau and G. Laporte},
  title         = {Dynamic pickup and delivery problems},
  pages         = {8-15},
  owner         = {lehame},
  volume        = {202},
  year          = {2010}
}
@Unpublished{berbegliafeas,
  journal       = {Transportation Science},
  author        = {G. Berbeglia and G. Pesant and L.-M. Rousseau},
  title         = {Checking Feasibility of the Dial-a-Ride Problem Using Constraint Programming},
  year          = {2011},
  note          = {forthcoming}
}
@Unpublished{berbegliahybrid,
  journal       = {INFORMS Journal on Computing},
  author        = {G. Berbeglia and J.-F. Cordeau and G. Laporte},
  title         = {A hybrid tabu search and constraint programming algorithm for the dynamic dial-a-ride problem},
  year          = {2011},
  note          = {forthcoming}
}
@Unpublished{berbegliapdp,
  journal       = {Transportation Science},
  author        = {G. Berbeglia and G. Pesant and L.-M. Rousseau},
  title         = {The Pickup and Delivery Problem with Fixed Partial Routes: A Complexity Analysis},
  year          = {2011},
  note          = {forthcoming}
}
@Article{Berg2005,
  journal       = {Journal of Algorithms},
  timestamp     = {2010.09.27},
  author        = {M. de Berg and J. Gudmundsson and M. J. Katz and C. Levcopoulos and
 M. H. Overmars and A. F. van der Stappen},
  title         = {{TSP} with Neighborhoods of Varying Size},
  pages         = {22-36},
  volume        = {57},
  owner         = {lehame},
  year          = {2005},
  number        = {1}
}
@Article{berry,
  journal       = {SIAM Review},
  timestamp     = {2010.09.27},
  author        = {Michael W. Berry and Zlatko Drmac and Elizabeth R. Jessup},
  title         = {Matrices, vector spaces and information retrieval},
  pages         = {335�362},
  volume        = {41},
  owner         = {lehame},
  __markedentry = {[lehame]},
  year          = {1999}
}
@Article{Berry1999,
  journal       = {SIAM Review},
  timestamp     = {2010.09.27},
  author        = {Michael W. Berry and Zlatko Drmac and Elizabeth R. Jessup},
  title         = {Matrices, vector spaces and information retrieval},
  pages         = {335�362},
  volume        = {41},
  owner         = {lehame},
  __markedentry = {[lehame]},
  year          = {1999}
}
@Article{bertsekas,
  author        = {D.P. Bertsekas},
  title         = {Dynamic Programming and Optimal Control, vol. 2},
  year          = {1995},
  publisher     = {Athena Scientific, Belmont, MA}
}
@Article{Bettstetter-MobileComputing-2003,
  journal       = {{IEEE} Trans. on Mobile Computing},
  author        = {Christian Bettstetter and Giovanni Resta and Paolo Santi},
  title         = {The node distribution of the random waypoint mobility model for wireless
 ad hoc networks},
  pages         = {257--269},
  volume        = {2},
  month         = {Jul.--Sept.},
  year          = {2003},
  number        = {3}
}
@Article{bianco,
  timestamp     = {2009.09.22},
  journal       = {INFOR},
  author        = {L. Bianco and A. Mingozzi and S. Ricciardelli and M. Spadoni},
  title         = {Exact and Heuristic Procedures for The Traveling Salesman Problem with Precedence Constraints, Based on Dynamic Programming},
  pages         = {19-31},
  owner         = {lehame},
  volume        = {32},
  year          = {1994}
}
@InCollection{bjorklund2004,
  author        = {A. Bjorklund and T. Husfeldt and S. Khanna},
  title         = {Approximating longest directed paths and cycles},
  pages         = {222-233},
  booktitle     = {vol. 3142 {/} 2004 of Lecture Notes in Computer Science},
  publisher     = {Springer Berlin {/} Heidelberg}
}
@Article{borda,
  journal       = {Histoires de l'Acad�mie Royale des Sciences},
  timestamp     = {2010.09.27},
  author        = {J. C. Borda},
  title         = {M�moires sur les �lections au scrutin},
  owner         = {lehame},
  __markedentry = {[lehame]},
  year          = {1781}
}
@Article{Borda1781,
  journal       = {Histoires de l'Acad�mie Royale des Sciences},
  timestamp     = {2010.09.27},
  author        = {J. C. Borda},
  title         = {M�moires sur les �lections au scrutin},
  owner         = {lehame},
  __markedentry = {[lehame]},
  year          = {1781}
}
@Unknown{boyan,
  author        = {J. Boyan and M. Mitzenmacher},
  title         = {Improved results for route planning in stochastic transportation networks},
  pages         = {895-902},
  booktitle     = {Proceedings of the Twelfth Annual Symposium on Discrete Algorithms},
  year          = {2001}
}
@InCollection{brin01,
  author        = {S. Brin and L. Page},
  title         = {The anatomy of a large-scale hypertextual Web search engine},
  pages         = {107-117},
  volume        = {7},
  booktitle     = {Proceedings of the Seventh International Conference on World Wide
 Web},
  year          = {1998}
}
@InCollection{brin02,
  author        = {S. Brin and L. Page and R. Motwami and T. Winograd},
  title         = {The PageRank Citation Ranking: Bringing Order to the Web},
  booktitle     = {Techincal Report 1999-0120, Computer Science Department},
  year          = {1999},
  publisher     = {Stanford University, Stanford, CA}
}
@Article{Bruckstein1995,
  journal       = {International Journal of Pattern Recognition and Artificial Intelligence},
  timestamp     = {2010.09.27},
  author        = {A. M. Bruckstein and G. Sapiro and D. Shaked},
  title         = {Evolution of planar polygons},
  pages         = {991 - 1014},
  volume        = {9},
  owner         = {lehame},
  year          = {1995},
  number        = {6}
}
@Article{chernoff,
  journal       = {Econometrica},
  author        = {H. Chernoff},
  title         = {Rational selection of decision functions},
  pages         = {422-443},
  volume        = {22}
}
@Book{Chou2001,
  timestamp     = {2010.09.27},
  author        = {K.-S. Chou and X.-P. Zhu},
  title         = {The Curve Shortening Problem},
  owner         = {lehame},
  year          = {2001},
  publisher     = {Chapman and Hall/CRC}
}
@Book{Christofides1976,
  timestamp     = {2010.09.27},
  author        = {N. Christofides},
  title         = {Worst-case analysis of a new heuristic for the traveling salesman
 problem},
  owner         = {lehame},
  year          = {1976},
  publisher     = {Technical report, Graduate School of Industrial Administration, Carnegy-Mellon
 Univ.}
}
@Book{condorcet,
  timestamp     = {2010.09.27},
  author        = {M. de Condorcet},
  title         = {Essai sur l'application de l'analys� a la probabilt� des d�cisions
 rendues 'a la pluralite' des voix},
  owner         = {lehame},
  __markedentry = {[lehame]},
  year          = {1785},
  publisher     = {Paris}
}
@Book{Condorcet1785,
  timestamp     = {2010.09.27},
  author        = {M. de Condorcet},
  title         = {Essai sur l'application de l'analys� a la probabilt� des d�cisions
 rendues 'a la pluralite' des voix},
  owner         = {lehame},
  __markedentry = {[lehame]},
  year          = {1785},
  publisher     = {Paris}
}
@Article{cordeau01,
  journal       = {Operations Research},
  author        = {J.-F. Cordeau},
  title         = {A Branch-and-cut algorithm for the dial-a-ride problem},
  pages         = {573-586},
  volume        = {54},
  year          = {2006}
}
@Article{cordeau02,
  journal       = {Transportation Research B},
  author        = {J.-F. Cordeau and G. Laporte},
  title         = {A tabu search heuristic for the static multi-vehicle dial-a-ride problem},
  pages         = {579-594},
  volume        = {37},
  year          = {2003a}
}
@Article{cordeau03,
  timestamp     = {2010.09.27},
  journal       = {4OR: A Quarterly Journal of Operations Research},
  author        = {J.-F. Cordeau and G. Laporte},
  title         = {The dial-a-ride problem (DARP): variants, modeling issues and algorithms},
  pages         = {89-101},
  owner         = {lehame},
  volume        = {1},
  year          = {2003b}
}
@Article{cordeau04,
  journal       = {Journal of the Operational Research Society},
  author        = {J.-F. Cordeau and G. Laporte and A. Mercier},
  title         = {A unified tabu search heuristic for vehicle routing problems with time windows},
  pages         = {928-936},
  volume        = {52},
  year          = {2001}
}
@InCollection{cordeau05,
  author        = {J.-F. Cordeau and G. Laporte and J.-Y. Potvin and M.W.P. Savelsbergh},
  title         = {Transportation on demand},
  pages         = {429-466},
  year          = {2007},
  booktitle     = {Transportation},
  publisher     = {Amsterdam: North-Holland}
}
@InCollection{cordeau06,
  author        = {J.-F. Cordeau and G. Laporte and M.W.P. Savelsbergh and D. Vigo},
  title         = {Vehicle routing},
  pages         = {429-466},
  year          = {2007},
  booktitle     = {Transportation},
  publisher     = {Amsterdam: North-Holland}
}
@Article{cordeau07,
  timestamp     = {2010.09.27},
  journal       = {Annals of Operations Research},
  author        = {J.-F. Cordeau and G. Laporte},
  title         = {The Dial-a-Ride Problem: Models and Algorithms},
  pages         = {29-46},
  owner         = {lehame},
  volume        = {153},
  year          = {2007}
}
@Article{cori,
  timestamp     = {2010.09.27},
  journal       = {Journal of Combinatorial Theory, Series A},
  author        = {R. Cori},
  title         = {Indecomposable permutations, hypermaps and labeled Dyck paths},
  pages         = {1326-1343},
  owner         = {lehame},
  volume        = {116},
  year          = {2009},
  number        = {8}
}
@Article{corloni,
  journal       = {International Transactions in Operational Research},
  author        = {A. Corloni and G. Righini},
  title         = {Modeling and optimizing dynamic dial-a-ride problems},
  pages         = {155-166},
  volume        = {8},
  year          = {2001}
}
@Unpublished{corneil2011,
  author        = {D. G. Corneil and B. Dalton and M. Habib},
  title         = {The application of Lexicographic Depth First Search to minimum path cover problems in cocomparability graphs},
  note          = {In preparation}
}
@Article{cortes,
  timestamp     = {2010.09.27},
  journal       = {European Journal of Operational Research},
  author        = {C. E. Cort\'es and M. Matamala and C. Contardo},
  title         = {The pickup and delivery problem with transfers: Formulation and a branch-and-cut solution method},
  pages         = {711-724},
  owner         = {lehame},
  volume        = {200},
  year          = {2010}
}
@Article{cortes,
  journal       = {Center for Traffic Simulation Studies},
  author        = {Cristian E. Cortes and R. Jayakrishnan},
  title         = {Design and Operational Concepts of a High Coverage Point-to-Point
 Transit System},
  year          = {2001}
}
@Article{coslovich,
  journal       = {European Journal of Operational Research},
  author        = {L. Coslovich and R. Pesenti and W. Ukovich},
  title         = {A two-phase insertion technique of unexpected customers for a dynamic dial-a-ride problem},
  pages         = {1605-1615},
  volume        = {175},
  year          = {2006}
}
@Article{damaschke1992,
  author        = {P. Damaschke and J. S. Deogun and D. Kratsch and G. Steiner},
  title         = {Finding Hamiltonian paths in cocomparability graphs using the bump number algorithm},
  pages         = {383-391},
  volume        = {8},
  year          = {1992}
}
@Unknown{datar,
  author        = {M. Datar and A. Ranade},
  title         = {Commuting with delay prone buses},
  pages         = {22-29},
  booktitle     = {Proceedings of the Eleventh Annual ACM-SIAM Symposium on Discrete Algorithms},
  year          = {2000}
}
@Article{desrosiers01,
  timestamp     = {2010.09.27},
  journal       = {American Journal of Mathematical and Management Sciences},
  author        = {J. Desrosiers and Y. Dumas and F. Soumis},
  title         = {A dynamic programming solution of the large-scale single vehicle dial-a-ride problem with time windows},
  pages         = {301-325},
  owner         = {lehame},
  volume        = {6},
  year          = {1986}
}
@InCollection{desrosiers02,
  author        = {J. Desrosiers and Y. Dumas and F. Soumis and S. Taillefer and D. Villeneuve},
  title         = {An algorithm for mini-clustering in handicapped transport},
  pages         = {G-91-02},
  year          = {1991},
  booktitle     = {Les Cahiers du GERAD},
  publisher     = {HEC Montr�al}
}
@InCollection{desrosiers03,
  timestamp     = {2009.09.22},
  author        = {J. Desrosiers and Y. Dumas and M. M. Solomon and F. Soumis},
  title         = {Time constrained routing and scheduling},
  chapter       = {8},
  pages         = {35-139},
  owner         = {lehame},
  booktitle     = {Handbooks in Operations Research and Management Science},
  year          = {1995},
  publisher     = {Elsevier Science Publishers, Amsterdam, The Netherlands}
}
@Article{dial,
  journal       = {Transportation Research Part C},
  author        = {R.B. Dial},
  title         = {Autonomous Dial-A-Ride Transit: Introductory Survey},
  pages         = {261-275},
  volume        = {5},
  year          = {1995}
}
@Article{diana,
  journal       = {Transportation Research Part B},
  author        = {M. Diana and M.M. Dessouky},
  title         = {A new regret insertion heuristic for solving large-scale dial-a-ride problems with time windows},
  pages         = {539-557},
  volume        = {38},
  year          = {2004}
}
@Article{Diana2007,
  journal       = {Transportation Research Part D: Transport and Environment},
  timestamp     = {2010.09.27},
  author        = {M. Diana and L. Quadrifoglio and C. Pronelloa},
  title         = {Emissions of demand responsive services as an alternative to conventional
 transit systems},
  pages         = {183-188},
  volume        = {12},
  owner         = {lehame},
  __markedentry = {[lehame]},
  year          = {2007},
  number        = {3}
}
@InCollection{drinea,
  timestamp     = {2009.09.22},
  author        = {E. Drinea and P. Drineas and P. Huggins},
  series        = {Panhellenic Conference on Informatics},
  title         = {A randomized singular value decomposition algorithm for image processing},
  owner         = {lehame},
  year          = {2001}
}
@InCollection{drineas,
  timestamp     = {2009.09.22},
  author        = {P. Drineas and A. Frieze and R. Kannan and S. Vempala and V. Vinay},
  series        = {ACM-SIAM Symposium of Discrete Algorihtms},
  title         = {Clustering in Large Graphs and Matrices},
  owner         = {lehame},
  year          = {1999}
}
@Article{Dumais1991,
  journal       = {Behavior Research Methods, Instruments and Computers},
  timestamp     = {2010.09.27},
  author        = {Susan T. Dumais},
  title         = {Improving the retrieval of information from external sources},
  pages         = {229�236},
  volume        = {23},
  owner         = {lehame},
  __markedentry = {[lehame]},
  year          = {1991}
}
@InCollection{dumas01,
  author        = {Y. Dumas and J. Desrosiers and F. Soumis},
  title         = {Large scale multi-vehicle dial-a-ride problems},
  pages         = {G-89-30},
  year          = {1989a},
  booktitle     = {Les Cahiers du GERAD},
  publisher     = {HEC Montr�al}
}
@InCollection{dumas02,
  author        = {Y. Dumas and F. Soumis and J. Desrosiers},
  title         = {Optimizing the schedule for a fixed vehicle path with convex inconvenience cost},
  pages         = {G-89-08},
  year          = {1989b},
  booktitle     = {Les Cahiers du GERAD},
  publisher     = {HEC Montr�al}
}
@Article{dumas03,
  journal       = {European Journal of Operational Research},
  author        = {Y. Dumas and J. Desrosiers and F. Soumis},
  title         = {The pickup and delivery problem with time windows},
  pages         = {7-22},
  volume        = {54},
  year          = {1991}
}
@Article{dumitrescu,
  journal       = {In Proc. 12th Annual ACM-SIAM Symposium on Discrete Algorithms},
  author        = {A. Dumitrescu and J. S. B. Mitchell},
  title         = {Approximation algorithms for TSP with neighborhoods in the plane},
  pages         = {38-46},
  year          = {2001}
}
@Article{Dumitrescu2001,
  journal       = {In Proc. 12th Annual ACM-SIAM Symposium on Discrete Algorithms},
  timestamp     = {2010.09.27},
  author        = {A. Dumitrescu and J. S. B. Mitchell},
  title         = {Approximation algorithms for {TSP} with neighborhoods in the plane},
  pages         = {38-46},
  owner         = {lehame},
  year          = {2001}
}
@Article{eadarp,
  journal       = {European Journal of Operational Research},
  timestamp     = {2009.09.22},
  author        = {L.E. H\"ame},
  title         = {An exact algorithm for the single vehicle dial-a-ride problem with
 narrow time windows},
  pages         = {-},
  volume        = {to appear},
  owner         = {lehame},
  year          = {2010}
}
@Article{eadarp,
  timestamp     = {2010.09.27},
  journal       = {Transportation Research Part B},
  author        = {L.E. H\"ame},
  title         = {An exact algorithm for the single vehicle dial-a-ride problem with narrow time windows},
  pages         = {XXX-XXX},
  owner         = {lehame},
  volume        = {XX},
  year          = {2008}
}
@InCollection{Elbassioni2005,
  timestamp     = {2010.09.27},
  author        = {K. Elbassioni and A. V. Fishkin and N. H. Mustafa and R. Sitters},
  title         = {Approximation Algorithms for Euclidean Group {TSP}},
  owner         = {lehame},
  booktitle     = {Lecture Notes in Computer Science 3580},
  year          = {2005},
  publisher     = {Springer Berlin / Heidelberg}
}
@Article{Farahat2006,
  journal       = {SIAM Journal on Scientific Computing},
  timestamp     = {2010.09.27},
  author        = {A. Farahat and T. LoFaro and J. C. Miller and G. Rae and L.A. Ward},
  title         = {Authority rankings from {HITS}, PageRank, and {SALSA}: existence,
 uniqueness, and effect of initialization},
  pages         = {1181-1201},
  volume        = {27},
  owner         = {lehame},
  year          = {2006}
}
@Article{feder,
  author        = {T. Feder and R. Motwani},
  title         = {Finding large cycles in Hamiltonian graphs},
  pages         = {166-175},
  booktitle     = {Proc. 16th annual ACM-SIAM Symp. on Discrete Algorithms (SODA)},
  year          = {2005},
  publisher     = {ACM, New York}
}
@Article{frazzoli,
  journal       = {In Proc. IEEE Conf. on Decision and Control, Paradise Island, Bahamas},
  author        = {E. Frazzoli and F. Bullo},
  title         = {Decentralized algorithms for vehicle routing in a stochastic time-varying
 environment},
  year          = {2004}
}
@Book{Friedman1953,
  timestamp     = {2010.09.27},
  author        = {M. Friedman},
  title         = {Essays in Positive Economics},
  pages         = {3-43},
  owner         = {lehame},
  __markedentry = {[lehame]},
  year          = {1953},
  publisher     = {University of Chicago Press}
}
@InCollection{frieze,
  timestamp     = {2009.09.22},
  author        = {A. Frieze and R. Kannan and S. Vempala},
  series        = {39th Symposium on Foundations of Computing},
  title         = {Fast Monte-Carlo Algorithms for Low-Rank Approximations},
  pages         = {370-378},
  owner         = {lehame},
  year          = {1998}
}
@Article{Frieze1982,
  journal       = {Networks},
  timestamp     = {2010.09.27},
  author        = {A. Frieze and G. Galbiati and F. Maffioli},
  title         = {On the worst-case performance of some algorithms for the asymmetric
 travelling salesman problem},
  pages         = {23-39},
  volume        = {12},
  owner         = {lehame},
  year          = {1982}
}
@Article{fu,
  journal       = {Transportation Research Part B},
  author        = {L. Fu},
  title         = {Scheduling dial-a-ride paratransit under time-varying, stochastic congestion},
  pages         = {485-506},
  volume        = {36},
  year          = {2002}
}
@Article{gaboune,
  journal       = {Journal of the Operational Research Society},
  author        = {B. Gaboune and G. Laporte and F. Soumis},
  title         = {Expected Distances Between Two Uniformly Distributed Random Points in Rectangles and Rectangular Parallelepipeds},
  pages         = {513-519},
  volume        = {40},
  year          = {1993}
}
@Article{Gage1984,
  journal       = {Inventiones Mathematicae},
  timestamp     = {2010.09.27},
  author        = {M. E. Gage},
  title         = {Curve shortening makes convex curves circular},
  pages         = {357 - 364},
  volume        = {76},
  owner         = {lehame},
  year          = {1984}
}
@Article{garaix,
  timestamp     = {2010.09.27},
  journal       = {European Journal of Operational Research},
  author        = {T. Garaix and C. Artigues and D. Feillet and D. Josselin},
  title         = {Vehicle routing problems with alternative paths: An application to on-demand transportation},
  pages         = {62-75},
  owner         = {lehame},
  volume        = {204},
  year          = {2010}
}
@InCollection{Garey1976,
  timestamp     = {2010.09.27},
  author        = {M. R. Garey and R. L. Graham and D. S. Johnson},
  title         = {Some {NP}-complete geometric problems},
  pages         = {10�22},
  owner         = {lehame},
  booktitle     = {Conf. Record 8th Annual ACM Symposium on Theory of Computing},
  year          = {1976},
  publisher     = {Hershey, PA}
}
@Article{Garey1977,
  journal       = {SIAM J. Appl. Math},
  timestamp     = {2010.09.27},
  author        = {M. R. Garey and R. L. Graham and D. S. Johnson},
  title         = {The complexity of computing Steiner minimal trees},
  pages         = {835-859},
  volume        = {32},
  owner         = {lehame},
  year          = {1977}
}
@Article{gendreau01,
  journal       = {Management Science},
  author        = {M. Gendreau and A. Hertz and G. Laporte},
  title         = {A tabu search heuristic for the vehicle routing problem},
  pages         = {1276-1290},
  volume        = {40},
  year          = {1994}
}
@Article{gendreau02,
  journal       = {Parallel Computing},
  author        = {M. Gendreau and G. Laporte and F. Semet},
  title         = {A dynamic model and parallel tabu search algorithm for real-time ambulance relocation},
  pages         = {1641-1653},
  volume        = {27},
  year          = {2001}
}
@Article{gendreau03,
  journal       = {Transportation Science},
  author        = {M. Gendreau and F. Guertin and J.-Y. Potvin and E. Taillard},
  title         = {Parallel tabu search for real-time vehicle routing and dispatching},
  pages         = {381-390},
  volume        = {33},
  year          = {1999}
}
@Book{golub,
  timestamp     = {2009.09.22},
  author        = {G. H. Golub and C. F. Van Loan},
  title         = {Matrix Computations},
  owner         = {lehame},
  year          = {1989},
  publisher     = {Johns Hopkins University Press, London}
}
@Article{golumbic,
  journal       = {Annals of Discrete Mathematics},
  author        = {M. C. Golumbic},
  title         = {Algorithmic Graph Theory and Perfect Graphs},
  volume        = {57},
  year          = {2004},
  publisher     = {North-Holland Publishing Co., Amsterdam}
}
@Article{Grayson1987,
  journal       = {J. Differential Geom.},
  timestamp     = {2010.09.27},
  author        = {M. A. Grayson},
  title         = {The heat equation shrinks embedded plane curves to round points},
  pages         = {285 - 314},
  volume        = {26},
  owner         = {lehame},
  year          = {1987}
}
@Article{Grayson1989,
  journal       = {Annals of Mathematics},
  timestamp     = {2010.09.27},
  author        = {M. A. Grayson},
  title         = {Shortening embedded curves},
  pages         = {71 - 111},
  volume        = {129},
  owner         = {lehame},
  year          = {1989}
}
@Unpublished{Hame2010,
  journal       = {European Journal of Operational Research},
  timestamp     = {2010.09.27},
  author        = {L.E. H\"ame},
  title         = {An Adaptive Insertion Algorithm for the Single-Vehicle Dial-A-Ride
 Problem with Narrow Time Windows},
  owner         = {lehame},
  year          = {2010},
  note          = {In Press}
}
@Article{hernandez,
  timestamp     = {2010.09.27},
  journal       = {European Journal of Operational Research},
  author        = {H. {Hern\'andez-P\'erez} and J.-J. {Salazar-Gonz\'alez}},
  title         = {The multi-commodity one-to-one pickup-and-delivery traveling salesman problem},
  pages         = {987-995},
  owner         = {lehame},
  volume        = {196},
  year          = {2009}
}
@Article{Hershberger1995,
  journal       = {J. Algorithms},
  timestamp     = {2010.09.27},
  author        = {J. Hershberger and S. Suri},
  title         = {A pedestrian approach to ray shooting: shoot a ray, take a walk},
  pages         = {403-431},
  volume        = {18},
  owner         = {lehame},
  year          = {1995},
  number        = {3}
}
@Unpublished{hitsdarp,
  author        = {L. H\"ame and H. Hakula},
  title         = {A Maximum Cluster Algorithm for Checking the Feasibility of Dial-A-Ride Instances},
  note          = {Manuscript submitted to Transportation Science}
}
@Unknown{hkl,
  journal       = {http://www.hel.fi/hki/hkl/en/About+HKL/Annual+Reports},
  author        = {{Helsinki City Transport}},
  title         = {Helsinki City Transport Annual Reports},
  month         = {nov},
  year          = {2011},
  url           = {http://www.hel.fi/hki/hkl/en/About+HKL/Annual+Reports}
}
@Article{hlv-rwp,
  journal       = {{IEEE} Trans.\ on Mobile Computing},
  author        = {Esa Hyyti{\"a} and Pasi Lassila and Jorma Virtamo},
  title         = {Spatial Node Distribution of the Random Waypoint Mobility Model With
 Applications},
  pages         = {680--694},
  volume        = {5},
  month         = {jun},
  year          = {2006},
  number        = {6}
}
@Article{hoogma,
  journal       = {The approach of strategic niche management, Spon Press},
  author        = {R. Kemp and R. Hoogma and J. Schot and B. Truffer},
  title         = {Experimenting for sustainable transport},
  year          = {2002}
}
@Article{horn,
  journal       = {Transportation Research Part C},
  author        = {M.E.T. Horn},
  title         = {Fleet scheduling and dispatching for demand-responsive passenger services},
  pages         = {35-63},
  volume        = {10},
  year          = {2002}
}
@InProceedings{huang,
  author        = {R. Huang and Z. R. Peng},
  title         = {An integration of network data model and routing algorithms for online transit trip planning},
  booktitle     = {Proc. 80th Annu. Meeting Transp. Res. Board},
  year          = {2001},
  publisher     = {Washington, DC}
}
@InProceedings{huang2,
  author        = {R. Huang and Z. R. Peng},
  title         = {Schedule-based path finding algorithms for online transit trip planning},
  booktitle     = {Proc. 81st Annu. Meeting Transp. Res. Board},
  year          = {2002},
  publisher     = {Washington, DC}
}
@Article{hunsaker,
  timestamp     = {2010.09.27},
  journal       = {Operations Research Letters},
  author        = {B. Hunsaker and M. W. P. Savelsbergh},
  title         = {Efficient feasibility testing for dial-a-ride problems},
  pages         = {169-173},
  owner         = {lehame},
  volume        = {30},
  year          = {2002}
}
@InCollection{hyytia,
  timestamp     = {2010.09.27},
  author        = {E. Hyyti\"a and L. H\"ame and A. Penttinen and R. Sulonen},
  title         = {Simulation of a Large Scale Dynamic Pickup and Delivery Problem},
  owner         = {lehame},
  booktitle     = {3rd International ICST Conference on Simulation Tools and Techniques (SIMUTools 2010)},
  year          = {2010}
}
@InCollection{hyytia,
  timestamp     = {2010.09.27},
  author        = {E. Hyyti\"a and L. H\"ame and A. Penttinen and R. Sulonen},
  title         = {Simulation of a Large Scale Dynamic Pickup and Delivery Problem},
  owner         = {lehame},
  booktitle     = {3rd International ICST Conference on Simulation Tools and Techniques (SIMUTools 2010)},
  year          = {2010}
}
@InCollection{hyytia,
  author        = {E. Hyyti\"a and L. H\"ame and A. Penttinen and R. Sulonen},
  title         = {Simulation of a Large Scale Dynamic Pickup and Delivery Problem},
  booktitle     = {3rd International ICST Conference on Simulation Tools and Techniques (SIMUTools 2010)},
  year          = {2010}
}
@InProceedings{ioannidou,
  author        = {K. Ioannidou and G. B. Mertzios and S. D. Nikolopoulos},
  title         = {The Longest Path Problem Is Polynomial on Interval Graphs},
  keywords      = {Longest path problem, complexity, dynamic programming, interval graphs, polynomial algorithm},
  location      = {Novy Smokovec, High Tatras, Slovakia},
  acmid         = {1616427},
  address       = {Berlin, Heidelberg},
  pages         = {403-414},
  numpages      = {12},
  booktitle     = {Proceedings of the 34th International Symposium on Mathematical Foundations of Computer Science 2009},
  year          = {2009},
  publisher     = {Springer-Verlag}
}
@Article{jaw,
  journal       = {Transportation Research Part B},
  author        = {J.J. Jaw and A.R. Odoni and H.N. Psaraftis and N.H.M. Wilson},
  title         = {A heuristic algorithm for the multi-vehicle advance-request dial-a-ride problem with time windows},
  pages         = {243-257},
  volume        = {20},
  year          = {1986}
}
@Article{Jecko2002,
  journal       = {Bull. Korean Math. Society},
  timestamp     = {2010.09.27},
  author        = {T. Jecko and J-C. Leger},
  title         = {Polygon shortening makes (most) quadrilaterals circular},
  pages         = {97 - 111},
  volume        = {39},
  owner         = {lehame},
  year          = {2002},
  number        = {1}
}
@InProceedings{jokinen-fists-2011,
  author        = {Jani-Pekka Jokinen and Teemu Sihvola and Esa Hyyti{\"a} and Reijo Sulonen},
  title         = {Why Urban Mass Demand Responsive Transport?},
  address       = {Vienna, Austria},
  month         = {June-July},
  booktitle     = {{IEEE} Forum on Integrated and Sustainable Transportation Systems ({FISTS})},
  year          = {2011}
}
@Unknown{jouko,
  journal       = {http://www.hsl.fi/EN/passengersguide/ServiceroutesandJoukoroutes/},
  author        = {{Helsinki Region Traffic}},
  title         = {Jouko neighbourhood routes and service routes},
  month         = {oct},
  year          = {2010},
  url           = {http://www.hsl.fi/EN/passengersguide/ServiceroutesandJoukoroutes/}
}
@Article{larsen,
  journal       = {PhD thesis, Technical University of Denmark},
  author        = {A. Larsen},
  title         = {The dynamic vehicle routing problem},
  year          = {2000}
}
@Article{Larsen2002,
  journal       = {Journal of the Operational Research Society},
  timestamp     = {2010.09.27},
  author        = {A. Larsen and O. B. G. Madsen and M. Solomon},
  title         = {Partially Dynamic Vehicle Routing � Models and Algorithms},
  pages         = {637-646},
  volume        = {38},
  owner         = {lehame},
  __markedentry = {[lehame]},
  year          = {2002}
}
@InCollection{LEcuyer-handbook-2004,
  author        = {P. L'Ecuyer},
  title         = {Random Number Generation},
  chapter       = {2},
  pages         = {35--70},
  booktitle     = {Handbook of Computational Statistics},
  year          = {2004},
  editors       = {J. E. Gentle and W. Haerdle and Y. Mori},
  publisher     = {Springer-Verlag}
}
@Proceedings{lempel,
  author        = {Ronny Lempel and S. Moran},
  title         = {The stochastic approach for link-structure analysis (SALSA) and the
 TKC effect},
  booktitle     = {The 9th Intl. WWW Conference},
  year          = {2000}
}
@Article{Lempel,
  journal       = {In The Ninth International WWW Conference, May 2000},
  timestamp     = {2010.09.27},
  author        = {Ronny Lempel and S. Moran},
  title         = {The stochastic approach for link-structure analysis ({SALSA}) and
 the TKC effect},
  owner         = {lehame}
}
@Article{madsen,
  timestamp     = {2010.09.27},
  journal       = {Annals of Operations Research},
  author        = {O.B.G. Madsen and H.F. Ravn and J.M. Rygaard},
  title         = {A heuristic algorithm for the a dial-a-ride problem with time windows, multiple capacities, and multiple objectives},
  pages         = {193-208},
  owner         = {lehame},
  volume        = {60},
  year          = {1995}
}
@Article{mata,
  journal       = {In Proc. 11th Annual ACM Symposium on Computational Geometry},
  author        = {C. Mata and J. S. B. Mitchell},
  title         = {Approximation algorithms for geometric tour and network design problems},
  pages         = {360-369},
  year          = {1995}
}
@Article{Matsumoto-TOMACS-1998,
  journal       = {ACM Trans. on Modeling and Computer Simulation},
  author        = {Makoto Matsumoto and Takuji Nishimura},
  title         = {Mersenne twister: a 623-dimensionally equidistributed uniform pseudo-random
 number generator},
  volume        = {8},
  month         = {jan},
  year          = {1998},
  number        = {1}
}
@Article{melachrinoudis,
  timestamp     = {2010.09.27},
  journal       = {Computers \& Operations Research},
  author        = {E. Melachrinoudis and A. B. Ilhan and H. Min},
  title         = {A dial-a-ride problem for client transportation in a healthcare organization},
  pages         = {742-759},
  owner         = {lehame},
  volume        = {34},
  year          = {2007}
}
@Article{Melnikov1995,
  journal       = {Sbornik: Math.},
  timestamp     = {2010.09.27},
  author        = {M. S. Melnikov},
  title         = {Analytic capacity: discrete approach and curvature of measure},
  pages         = {827 - 846},
  volume        = {186},
  owner         = {lehame},
  year          = {1995},
  number        = {6}
}
@Unknown{mertzios,
  journal       = {http://arxiv.org/abs/1004.4560},
  author        = {G.B. Mertzios and D.G. Corneil},
  title         = {A Simple Polynomial Algorithm for the Longest Path Problem on Cocomparability Graphs},
  year          = {2010},
  url           = {http://arxiv.org/abs/1004.4560}
}
@Book{Meyer2000,
  timestamp     = {2010.09.27},
  author        = {C. D. Meyer},
  title         = {Matrix Analysis and Applied Linear Algebra},
  owner         = {lehame},
  year          = {2000},
  publisher     = {SIAM, Philadelphia}
}
@Article{Mitchell1999,
  journal       = {SIAM J. Comput.},
  timestamp     = {2010.09.27},
  author        = {J. S. B. Mitchell},
  title         = {Guillotine subdivisions approximate polygonal subdivisions: a simple
 polynomial-time approximation scheme for geometric {TSP}, k-{MST},
 and related problems},
  pages         = {1298-1309},
  volume        = {28},
  owner         = {lehame},
  year          = {1999}
}
@InCollection{Mitchell2000,
  timestamp     = {2010.09.27},
  author        = {J.S.B. Mitchell},
  title         = {Geometric shortest paths and network optimization},
  owner         = {lehame},
  booktitle     = {J.-R. Sack, J. Urrutia (Eds.), Handbook of Computational Geometry},
  year          = {2000},
  publisher     = {Elsevier, Amsterdam}
}
@Article{mulley,
  journal       = {Research in Transportation Economics},
  author        = {C. Mulley and J. D. Nelson},
  pages         = {39 - 45},
  volume        = {25},
  number        = {1},
  year          = {2009}
}
@Article{Mulley2009,
  journal       = {Research in Transportation Economics},
  timestamp     = {2010.09.27},
  author        = {C. Mulley and J. D. Nelson},
  title         = {Flexible transport services: A new market opportunity for public
 transport},
  pages         = {39-45},
  volume        = {25},
  owner         = {lehame},
  __markedentry = {[lehame]},
  year          = {2009},
  number        = {1}
}
@Article{Nakayama1997,
  journal       = {Methods and Applications of Analysis},
  timestamp     = {2010.09.27},
  author        = {K. Nakayama and H. Segur and M Wadati},
  title         = {A discrete curve-shortening equation},
  pages         = {162 - 172},
  volume        = {4},
  owner         = {lehame},
  year          = {1997},
  number        = {2}
}
@Article{Navidi-MobileComputing-2004,
  journal       = {{IEEE} Trans. on Mobile Computing},
  author        = {W. Navidi and T. Camp},
  title         = {Stationary Distributions for the Random Waypoint Mobility Model},
  pages         = {99-108},
  volume        = {3},
  month         = {Jan-Mar},
  year          = {2004},
  number        = {1}
}
@Article{ng,
  journal       = {SIGIR01, September 912, 2001, New Orleans, Louisiana, USA},
  author        = {Andrew Y. Ng and Alice X. Zheng and Michael I. Jordan},
  title         = {Stable Algorithms for Link Analysis}
}
@Unknown{nikolova2006a,
  author        = {E. Nikolova and J. Kelner and M. Brand and M. Mitzenmacher},
  title         = {Stochastic shortest paths via quasi-convex maximization},
  pages         = {552-563},
  booktitle     = {Proceedings of European Symposium of Algorithms, Zurich, Switzerland},
  year          = {2006}
}
@InProceedings{nikolova2006b,
  author        = {E. Nikolova and M. Brand and D. Karger},
  title         = {Optimal route planning under uncertainty},
  booktitle     = {Proceedings of International Conference on Planning and Scheduling, Lake District, England},
  year          = {2006}
}
@Article{palma,
  journal       = {Transportation Research Part A: Policy and Practice},
  author        = {A. de Palma and N. Picard},
  pages         = {295 - 324},
  volume        = {39},
  number        = {4},
  year          = {2005}
}
@Article{papadimitriou,
  journal       = {Theoret. Comput. Sci.},
  author        = {C.H. Papadimitriou},
  title         = {The Euclidean Travelling Salesman Problem is NP-Complete},
  pages         = {237-244},
  volume        = {4},
  year          = {1977}
}
@Article{Papadimitriou1977,
  journal       = {Theoret. Comput. Sci.},
  timestamp     = {2010.09.27},
  author        = {C.H. Papadimitriou},
  title         = {The Euclidean Travelling Salesman Problem is {NP}-Complete},
  pages         = {237-244},
  volume        = {4},
  owner         = {lehame},
  year          = {1977}
}
@Book{parlett,
  timestamp     = {2009.09.22},
  author        = {B. Parlett},
  series        = {Classics in Applied Mathematics},
  title         = {The Symmetric Eigenvalue Problem},
  owner         = {lehame},
  year          = {1997},
  publisher     = {SIAM}
}
@Article{parragh,
  timestamp     = {2010.09.27},
  journal       = {Computers \& Operations Research},
  author        = {S. N. Parragh and K. F. Doerner and R. F. Hartl},
  title         = {Variable neighborhood search for the dial-a-ride problem},
  pages         = {1129-1138},
  owner         = {lehame},
  volume        = {37},
  year          = {2010}
}
@Unpublished{pavone,
  journal       = {ACM/Springer Journal of Mobile Networks and Applications (MONET)},
  author        = {M. Pavone and N. Bisnik and E. Frazzoli and V. Isler},
  title         = {A Stochastic and Dynamic Vehicle Routing Problem with Time Windows
 and Customer Impatience},
  year          = {2008}
}
@Article{pavone02,
  journal       = {In Proc. IEEE Conference on Decision and Control, New Orleans, LA},
  author        = {M. Pavone and E. Frazzoli and F. Bullo},
  title         = {Decentralized algorithms for stochastic and dynamic vehicle routing
 with general target distribution},
  year          = {2007}
}
@Article{Paxson1995,
  journal       = {{IEEE/ACM} Transactions on Networking},
  timestamp     = {2010.09.27},
  author        = {V. Paxson and S. Floyd},
  title         = {Wide area traffic: the failure of Poisson modeling},
  pages         = {226--244},
  volume        = {3},
  month         = {jun},
  owner         = {lehame},
  __markedentry = {[lehame]},
  year          = {1995},
  number        = {3}
}
@Book{Polak2001,
  timestamp     = {2010.09.27},
  author        = {J. B. Polak and A. Heertje},
  title         = {Analytical Transport Economics: An International Perspective},
  owner         = {lehame},
  __markedentry = {[lehame]},
  year          = {2001},
  publisher     = {Edward Elgar Publishing Ltd}
}
@InCollection{powell95,
  author        = {W. B. Powell and P. Jaillet and A. Odoni},
  title         = {Stochastic and Dynamic Networks and Routing},
  pages         = {141-295},
  volume        = {8},
  year          = {1995},
  booktitle     = {Network Routing},
  publisher     = {Amsterdam: North-Holland}
}
@Article{psaraftis01,
  journal       = {Transportation Science},
  author        = {H.N. Psaraftis},
  title         = {A dynamic programming approach to the single-vehicle, many-to-many immediate request dial-a-ride problem},
  pages         = {130-154},
  volume        = {14},
  year          = {1980}
}
@Article{psaraftis02,
  journal       = {Transportation Science},
  author        = {H.N. Psaraftis},
  title         = {An exact algorithm for the single-vehicle many-to-many dial-a-ride problem with time windows},
  pages         = {351-357},
  volume        = {17},
  year          = {1983}
}
@InCollection{psaraftis03,
  author        = {H.N. Psaraftis},
  title         = {Dynamic vehicle routing problems},
  pages         = {223-248},
  year          = {1988},
  booktitle     = {Vehicle routing: method and studies},
  publisher     = {Amsterdam: North-Holland}
}
@Article{psaraftis04,
  timestamp     = {2010.09.27},
  journal       = {Annals of Operations Research},
  author        = {H.N. Psaraftis},
  title         = {Dynamic vehicle routing: status and prospects},
  pages         = {143-164},
  owner         = {lehame},
  volume        = {61},
  year          = {1995}
}
@InCollection{Reich1989,
  timestamp     = {2010.09.27},
  author        = {G. Reich and P. Widmayer},
  title         = {Beyond Steiner�s problem: a {VLSI} oriented generalization},
  pages         = {196-210},
  volume        = {411},
  owner         = {lehame},
  booktitle     = {Lecture Notes in Comput. Sci.},
  year          = {1989},
  publisher     = {Springer, Berlin}
}
@Article{reittiopas,
  journal       = {{http://developer.reittiopas.fi/}},
  author        = {Helsinki Region Traffic},
  title         = {Kalkati.net XML representation of Helsinki Regional Transport Authority (HSL) timetable data},
  year          = {2010}
}
@Article{Rodier1998,
  journal       = {Transportation Research Part C: Emerging Technologies},
  timestamp     = {2010.09.27},
  author        = {C. J. Rodier and R. A. Johnston and D. R. Shabazian},
  title         = {Evaluation of advanced transit alternatives using consumer welfare},
  pages         = {141-156},
  volume        = {6},
  owner         = {lehame},
  __markedentry = {[lehame]},
  year          = {1998},
  number        = {1-2}
}
@Article{ropke,
  timestamp     = {2010.09.27},
  journal       = {Transportation Science},
  author        = {S. Ropke and D. Pisinger},
  title         = {An Adaptive Large Neighborhood Search Heuristic for the Pickup and Delivery Problem with Time Windows},
  pages         = {455-472},
  owner         = {lehame},
  volume        = {40},
  year          = {2006},
  number        = {4}
}
@Article{Safra2006,
  journal       = {Computational Complexity},
  timestamp     = {2010.09.27},
  author        = {S. Safra and O. Schwartz},
  title         = {On the complexity of approximating {TSP} with neighborhoods and related
 problems},
  ee            = {http://dx.doi.org/10.1007/s00037-005-0200-3},
  bibsource     = {DBLP, http://dblp.uni-trier.de},
  pages         = {281-307},
  volume        = {14},
  owner         = {lehame},
  year          = {2006},
  number        = {4}
}
@Article{savelsbergh,
  journal       = {ORSA Journal on Computing},
  author        = {M.W.P. Savelsbergh},
  title         = {The vehicle routing problem with time windows: minimizing route duration},
  pages         = {146-154},
  volume        = {4},
  year          = {1992}
}
@Article{savelsbergh03,
  journal       = {Operations Research},
  author        = {M.W.P. Savelsbergh and M. Sol},
  title         = {{DRIVE}: Dynamic routing of independent vehicles},
  volume        = {46},
  year          = {1998}
}
@Article{sen,
  journal       = {Econometrica},
  author        = {A. K. Sen},
  title         = {Social choice theory: a re-examination},
  pages         = {53-89},
  volume        = {45}
}
@Article{sen2,
  journal       = {Holden-Day, San Francisco},
  author        = {A. K. Sen},
  title         = {Collective Choice and Social Welfare},
  year          = {1970}
}
@Book{sexton01,
  timestamp     = {2009.09.22},
  author        = {T. Sexton},
  title         = {The single vehicle many-to-many routing and scheduling problem},
  owner         = {lehame},
  year          = {1979},
  publisher     = {Ph.D. dissertation, SUNY at Stony Brook}
}
@Article{sexton02,
  journal       = {Transportation Science},
  author        = {T. Sexton and L. D. Bodin},
  title         = {Optimizing single vehicle many-to-many operations with desired delivery times: I. Scheduling},
  pages         = {378-410},
  volume        = {19},
  year          = {1985a}
}
@Article{sexton03,
  timestamp     = {2009.09.22},
  journal       = {Transportation Science},
  author        = {T. Sexton and L. D. Bodin},
  title         = {Optimizing single vehicle many-to-many operations with desired delivery times: II. Routing},
  pages         = {411-435},
  owner         = {lehame},
  volume        = {19},
  year          = {1985b}
}
@InCollection{Simon1957,
  timestamp     = {2010.09.27},
  author        = {H. Simon},
  title         = {A Behavioral Model of Rational Choice},
  owner         = {lehame},
  __markedentry = {[lehame]},
  booktitle     = {Models of Man, Social and Rational: Mathematical Essays on Rational
 Human Behavior in a Social Setting},
  year          = {1957},
  publisher     = {New York: Wiley}
}
@Article{Si��ez2008,
  journal       = {Computers and Operations Research},
  timestamp     = {2010.09.27},
  author        = {D. S�ez and C. Cort�s and A. N��ez},
  title         = {Hybrid adaptive predictive control for the multi-vehicle dynamic
 pick-up and delivery problem based on genetic algorithms and fuzzy
 clustering},
  pages         = {3412-3438},
  volume        = {35},
  owner         = {lehame},
  __markedentry = {[lehame]},
  year          = {2008}
}
@Article{Slavik1997,
  journal       = {Technical report 97-02, Department of Computer Science and Engineering,
 SUNY Buffalo},
  timestamp     = {2010.09.27},
  author        = {P. Slavik},
  title         = {The Errand Scheduling Problem},
  owner         = {lehame},
  year          = {1997}
}
@Unknown{Smith2005,
  timestamp     = {2010.09.27},
  author        = {S. L. Smith and M. E. Broucke and B. A. Francis},
  title         = {Curve shortening and its application to multi-agent systems},
  pages         = {2817 - 2822},
  owner         = {lehame},
  booktitle     = {IEEE Conf. on Decision and Control and European Control Conference,
 Seville, Spain},
  year          = {2005}
}
@Article{solomon,
  journal       = {Operations Research},
  timestamp     = {2009.09.22},
  author        = {M. M. Solomon},
  title         = {Algorithms for the Vehicle Routing and Scheduling Problems with Time
 Window Constraints},
  pages         = {254-265},
  volume        = {35},
  owner         = {lehame},
  year          = {1987},
  number        = {2}
}
@Article{Talvitie1980,
  journal       = {Transportation Research Part B: Methodological},
  timestamp     = {2010.09.27},
  author        = {A. Talvitie and Y. Dehghani},
  title         = {Models for transportation level of service},
  pages         = {87-99},
  volume        = {14},
  owner         = {lehame},
  __markedentry = {[lehame]},
  year          = {1980},
  number        = {1-2}
}
@Article{teal,
  timestamp     = {2009.09.22},
  author        = {Roger F. Teal},
  title         = {Journal of Intelligent Transportation Systems: Technology, Planning,
 and Operations},
  pages         = {1547-2442},
  volume        = {1},
  owner         = {lehame},
  year          = {1994},
  number        = {3}
}
@Article{teodorovic,
  journal       = {Fuzzy Sets and Systems},
  author        = {D. Teodorovic and G. Radivojevic},
  title         = {A fuzzy logic approach to dynamic dial-a-ride problem},
  pages         = {23-33},
  volume        = {116},
  year          = {2000}
}
@InCollection{toth01,
  author        = {P. Toth and D. Vigo},
  title         = {Fast local search algorithms for the handicapped persons transportation problem},
  pages         = {23-33},
  year          = {1996},
  booktitle     = {Meta-heuristics: theory and applications},
  publisher     = {Boston: Kluwer}
}
@Article{toth02,
  journal       = {Transportation Science},
  author        = {P. Toth and D. Vigo},
  title         = {Heuristic algorithms for the handicapped persons transportation problem},
  pages         = {60-71},
  volume        = {31},
  year          = {1997}
}
@Book{toth03,
  author        = {P. Toth and D. Vigo},
  title         = {The vehicle routing problem},
  incollection  = {SIAM Monographs on Discrete Mathematics and Applications},
  year          = {2002},
  publisher     = {Philadelphia, PA}
}
@Article{tuomisto,
  journal       = {BioMed Central, November 25},
  timestamp     = {2009.09.22},
  author        = {Jouni T Tuomisto and Marko Tainio},
  title         = {An economic way of reducing health, environmental, and other pressures
 of urban traffic: a decision analysis on trip aggregation},
  owner         = {lehame},
  year          = {2005}
}
@Article{wong,
  journal       = {International Transactions in Operational Research},
  author        = {K.I. Wong and M.G.H. Bell},
  title         = {Solution of the dial-a-ride problem with multi-dimensional capacity constraints},
  pages         = {195-208},
  volume        = {13},
  year          = {2006}
}
@Article{xiang2006,
  timestamp     = {2010.09.27},
  journal       = {European Journal of Operational Research},
  author        = {Z. Xiang and C. Chu and H. Chen},
  title         = {A fast heuristic for solving a large-scale static dial-a-ride problem under complex constraints},
  pages         = {1117-1139},
  owner         = {lehame},
  volume        = {174},
  year          = {2006}
}
@Article{xiang2008,
  timestamp     = {2010.09.27},
  journal       = {European Journal of Operational Research},
  author        = {Z. Xiang and C. Chu and H. Chen},
  title         = {The study of a dynamic dial-a-ride problem under time-dependent and stochastic environments},
  pages         = {534-551},
  owner         = {lehame},
  volume        = {185},
  year          = {2008}
}
@Article{Yang2002,
  journal       = {Transportation Research Part B},
  timestamp     = {2010.09.27},
  author        = {H. Yang and S.C. Wong and K.I. Wong},
  title         = {Demand-supply equilibrium of taxi services in a network under competition
 and regulation},
  pages         = {799-819},
  volume        = {36},
  owner         = {lehame},
  __markedentry = {[lehame]},
  year          = {2002}
}
@Article{Yang2005,
  journal       = {Operations Research},
  timestamp     = {2010.09.27},
  author        = {H. Yang and M. Ye and W. H.-C. Tang and S. C. Wong},
  title         = {A Multiperiod Dynamic Model of Taxi Services with Endogenous Service
 Intensity},
  pages         = {501-515},
  volume        = {53},
  owner         = {lehame},
  __markedentry = {[lehame]},
  year          = {2005},
  number        = {3}
}
