@article{firat,
title = "Analysis of the dial-a-ride problem of Hunsaker and Savelsbergh",
journal = "Operations Research Letters",
volume = "39",
number = "1",
pages = "32 - 35",
year = "2011",
note = "",
issn = "0167-6377",
author = "Murat Firat and Gerhard J. Woeginger",
keywords = "Dial-a-ride",
keywords = "Feasibility check",
keywords = "Shortest path",
keywords = "Difference constraint system"
}


@book{cormen,
author = {T. H. Cormen and C. E. Leiserson and R. L. Rivest and C. Stein},
year = {2001}, 
title = {Introduction to Algorithms (2nd ed.)}, 
publisher = {MIT Press and McGraw-Hill},
}


@Article{ponstein,
  author =       "J. Ponstein",
  title =        "Self-Avoiding Paths and the Adjacency Matrix of a
                 Graph",
  journal =      j-SIAM-J-APPL-MATH,
  volume =       "14",
  number =       "3",
  pages =        "600--609",
  month =        may,
  year =         "1966",
  CODEN =        "SMJMAP",
  ISSN =         "0036-1399 (print), 1095-712X (electronic)",
  ISSN-L =       "0036-1399",
  bibdate =      "Thu Oct 15 18:16:06 MDT 1998",
  bibsource =    "http://www.math.utah.edu/pub/tex/bib/siamjapplmath.bib;
                 JSTOR database",
  acknowledgement = ack-nhfb,
  fjournal =     "SIAM Journal on Applied Mathematics",
}

@article{braysy01,
author = {O. Br\"aysy and M. Gendreau},
title = {Vehicle routing problem with time windows, part I: Route construction and local search algorithms},
journal = {Transportation Science}, 
volume = {39},
number = {1},
pages = {104118}, 
year = {2005},
}

@article{braysy02,
author = {O. Br\"aysy and M. Gendreau},
title = {Vehicle routing problem with time windows, part II: Metaheuristics},
journal = {Transportation Science},
volume = {39},
number = {1},
pages = {119139}, 
year = {2005},
}




@article{berbegliahybrid,
author = {G. Berbeglia and J.-F. Cordeau and G. Laporte},
title = {A hybrid tabu search and constraint programming algorithm for the dynamic dial-a-ride problem},
journal = {INFORMS: Journal on Computing}, 
year = {2012},
volume = {24},
pages = {343-355},
} 


@book{axler,
author = {S. Axler},
year = {1996}, 
title = {Linear Algebra Done Right}, 
publisher = {Springer-Verlag, {ISBN} 0-387-98258-2},
}

@article{groer,
title = {A library of local search heuristics for the vehicle routing problem},
author = {C. Gro\"er and B. Golden and E. Wasil},
journal = {Mathematical Programming Computation},
volume = {2}, 
number = {2},
year = {2010},
}



@ARTICLE{ng,
  author = {Andrew Y. Ng and Alice X. Zheng and Michael I. Jordan},
  title = {Stable Algorithms for Link Analysis},
  journal = {SIGIR01, New Orleans, Louisiana, USA},
	year = {2001}
}


@conference{lempel,
  author = {Ronny Lempel and S. Moran},
  title = {The stochastic approach for link-structure analysis (SALSA) and the
	TKC effect},
  booktitle = {The 9th Intl. WWW Conference},
  year = {2000},
}

@conference{brin01,
  author = {S. Brin and L. Page},
  title = {The anatomy of a large-scale hypertextual Web search engine},
  booktitle = {Proceedings of the Seventh International Conference on World Wide
	Web},
  year = {1998},
  volume = {7},
  pages = {107-117}
}

@unpublished{hitsdarp,
author = {L. H\"ame and H. Hakula},
title = {A Maximum Cluster Algorithm for Checking the Feasibility of Dial-A-Ride Instances},
note = {Submitted to Transportation Science},
}

@article{hardgrave,
author = {W. W. Hardgrave and G. L. Nemhauser},
journal = {Operations Research},
volume = {10}, 
number = {5},
year = {1962},
pages = {647-657},
}

@Electronic{mertzios,
author = {G.B. Mertzios and D.G. Corneil},
title = {A Simple Polynomial Algorithm for the Longest Path Problem on Cocomparability Graphs},
url = {http://arxiv.org/abs/1004.4560},
journal = {http://arxiv.org/abs/1004.4560},
year = {2010},
}

@article{baker,
title = {An Exact Algorithm for the Time-Constrained Traveling Salesman Problem},
author = {E. K. Baker},
journal = {Operations Research},
volume = {31}, 
number = {5},
year = {1983},
pages = {938-945},
} 

@article{keshavarz,
title = {A linear-time algorithm for the longest path problem in rectangular grid graphs},
author = {F. Keshavarz-Kohjerdi and A. Bagheri and A. Asgharian-Sardroud}, 
journal = {Discrete Applied Mathematics}, 
volume = {160},
number = {3}, 
pages = {210-217}, 
year = {2012},
} 


@article{corneil2008,
author = {D. G. Corneil and R. M. Krueger},
title = {A unified view of graph searching},
journal = {SIAM Journal on Discrete Mathematics}, 
volume = {22},
number = {4},
pages = {1259-1276}, 
year = {2008},
}



@unpublished{corneil2011,
author = {D. G. Corneil and B. Dalton and M. Habib},
title = {The application of Lexicographic Depth First Search to minimum path cover problems in cocomparability graphs},
note = {In preparation},
}



@article{deogun,
author = {J. S. Deogun and G. Steiner},
title = {Polynomial algorithms for Hamiltonian cycle in cocomparability graphs},
journal = {SIAM Journal on Computing}, 
volume = {23},
number = {3},
pages = {520-552}, 
year = {1994},
}


@article{brandstadt,
author = {A. Brandst\"adt and V. B. Le and J. P. Spinrad},
title = {Graph classes: a survey},
journal = {Society for Industrial and Applied Mathematics (SIAM)}, 
year = {1999},
}


@article{arikati,
author = {S. R. Arikati and C. P. Rangan},
title = {Linear algorithm for optimal path cover problem on interval graphs},
journal = {Information Processing Letters}, 
volume = {35},
number = {3},
pages = {149-153}, 
year = {1990},
}


@article{narasimhan,
author = {G. Narasimhan},
title = {A note on the Hamiltonian circuit problem on directed path graphs},
journal = {Information Processing Letters}, 
volume = {32},
number = {4},
pages = {167-170}, 
year = {1989},
}



@inproceedings{ioannidou,
 author = {K. Ioannidou and G. B. Mertzios and S. D. Nikolopoulos},
 title = {The Longest Path Problem Is Polynomial on Interval Graphs},
 booktitle = {Proceedings of the 34th International Symposium on Mathematical Foundations of Computer Science 2009},
 year = {2009},
 location = {Novy Smokovec, High Tatras, Slovakia},
 pages = {403-414},
 numpages = {12},
 acmid = {1616427},
 publisher = {Springer-Verlag},
 address = {Berlin, Heidelberg},
 keywords = {Longest path problem, complexity, dynamic programming, interval graphs, polynomial algorithm},
} 



@article{takahara,
author = {Y. Takahara and S. Teramoto and R. Uehara},
title = {Longest path problems on ptolemaic graphs},
journal = {IEICE Trans. Inf. and Syst.},
volume = {91},
pages = {170-177},
year = {2008},
}

@article{uehara2007,
author = {R. Uehara and G. Valiente},
title = {Linear structure of bipartite permutation graphs and the longest path problem},
journal = {Inform. Proc. Lett.},
volume = {103},
pages = {71-77},
year = {2007},
}




@article{uehara2005,
journal = {Lecture Notes in Computer Science}, 
year = {2005},
volume = {3341},
pages = {1547-1553},
title = {Efficient Algorithms for the Longest Path Problem},
author = {R. Uehara and Y. Uno},
}



@article{bulterman,
author = {R. Bulterman and F. {van der Sommen} and G. Zwaan and T. Verhoeff and A. {van Gasteren} and W. Feijen},
title = {On computing a longest path in a tree},
journal = {Inform. Proc. Lett.},
volume = {81},
pages = {93-96},
year = {2002},
}


@article{bertossi,
author = {A. A. Bertossi},
title = {Finding Hamiltonian circuits in proper interval graphs},
journal = {Inform. Proc. Lett.},
volume = {17},
pages = {97-101},
year = {1983},
}



@article{damaschke1992,
author = {P. Damaschke and J. S. Deogun and D. Kratsch and G. Steiner},
title = {Finding Hamiltonian paths in cocomparability graphs using the bump number algorithm},
volume = {8}, 
pages = {383-391},
year = {1992},
}




@article{keil,
author = {J. M. Keil},
title = {Finding Hamiltonian circuits in interval graphs},
journal = {Inform. Proc. Lett},
volume = {20},
pages = {201-206},
year = {1985},
}




@article{itai,
author = {A. Itai and C. H. Papadimitriou and J. L. Szwarcfiter},
title = {Hamiltonian paths in grid graphs},
journal = {SIAM J. Computing},
volume = {11}, 
pages = {676-686},
year = {1982},
}




@article{damaschke1989,
author = {P. Damaschke},
title = {The Hamiltonian circuit problem for circle graphs is NP-complete},
journal = {Inform. Proc. Lett},
volume = {32},
pages = {1-2},
year = {1989},
}

@article{damaschke1993,
author = {P. Damaschke},
title = {Paths in interval graphs and circular arc graphs},
journal = {Discrete Math},
volume = {112},
pages = {49-64},
year = {1993},
}



@article{muller,
author = {H. M\"uller},
title = {Hamiltonian circuits in chordal bipartite graphs},
journal = {Discrete Math},
volume = {156},
pages = {291-298},
year = {1996},
}



@article{golumbic,
author = {M. C. Golumbic},
title = {Algorithmic Graph Theory and Perfect Graphs},
journal = {Annals of Discrete Mathematics},
volume = {57},
publisher = {North-Holland Publishing Co., Amsterdam},
year = {2004},
}


@book{garey1979,
author = {M. R. Garey and D. S. Johnson},
title = {Computers and Intractability: A Guide to the Theory of NP-completeness},
publisher =  {W.H. Freeman, San Francisco},
year = {1979},
}

@article{garey1976,
author = {M. R. Garey and D. S. Johnson and R. E. Tarjan},
title = {The planar Hamiltonian circuit problem is NP-complete},
journal = {SIAM J. Computing},
volume = {5},
pages = {704-714},
year = {1976},
}



@article{feder,
author = {T. Feder and R. Motwani}, 
title = {Finding large cycles in Hamiltonian graphs},
booktitle = {Proc. 16th annual ACM-SIAM Symp. on Discrete Algorithms (SODA)}, 
pages = {166-175},
publisher = {ACM, New York},
year = {2005},
}

@incollection{gabow2008,
author = {H. N. Gabow and S. Nie},
title = {Finding long paths, cycles and circuits},
booktitle = {ISAAC '08 Proceedings of the 19th International Symposium on Algorithms and Computation},
publisher = {Springer-Verlag Berlin, Heidelberg},
year = {2008},
}


@article{zhang,
author = {Z. Zhang and H. Li}, 
title = {Algorithms for long paths in graphs},
journal = {Theoret. Comput. Sci},
volume = {377},
pages = {25-34},
year = {2007},
}


@article{monien,
author = {B. Monien},
title = {How to find long paths efficiently},
journal = {Annals of Discrete Mathematics},
volume = {25},
year = {1985},
pages = {239-254},
}



@article{vishwanathan,
author = {S. Vishwanathan},
title = {An approximation algorithm for finding long paths in hamiltonian graphs},
journal = {Journal of Algorithms},
volume = {50},
year = {2004},
pages = {246-256},
}


@incollection{bjorklund2004,
author = {A. Bjorklund and T. Husfeldt and S. Khanna},
title = {Approximating longest directed paths and cycles},
booktitle = {vol. 3142 {/} 2004 of Lecture Notes in Computer Science}, 
publisher = {Springer Berlin {/} Heidelberg},
pages = {222-233},
}


@incollection{gabow2004,
author = {H. N. Gabow},
title =  {Finding paths and cycles of superpolylogarithmic length},
booktitle = {STOC '04: Proceedings of the thirty-sixth annual ACM symposium on Theory of computing},
year = {2004}, 
publisher = {ACM Press},
pages = {407-416},
}


@article{delavega,
author = {W. F. {de la Vega} and M. Karpinski}, 
title = {On the approximation hardness of dense TSP and other path problems},
journal = {Inf. Process. Lett},
volume = {70},
number = {2},
year = {1999}, 
pages = {53-55},
}



@article{bazgan,
author = {C. Bazgan and M. Santha and Z. Tuza},
title = {On the approximation of finding a(nother) hamiltonian cycle in cubic hamiltonian graphs},
journal = {J. Algorithms},
volume = {31},
number = {1},
year = {1999},
pages = {249-268},
}



@article{bjorklund2003,
author = {A. Bj\"orklund and T. Husfeldt}, 
title = {Finding a path of superlogarithmic length},
journal = {SIAM Journal on Computing},
volume = {32},
number = {6},
year = {2003},
pages = {1395-1402},
}



@incollection{furer,
author = {M. Furer and B. Raghavachari},
title = {Approximating the minimum degree spanning tree to within one from the optimal degree},
booktitle = {SODA '92: Proceedings of the third annual ACM-SIAM symposium on Discrete algorithms}, 
publisher = {Society for Industrial and Applied Mathematics},
year = {1992},
pages = {317-324},
}



@article{karger,
author = {D. R. Karger and R. Motwani and G. D. S. Ramkumar},
title = {On approximating the longest path in a graph},
journal = {Algorithmica},
volume = {18},
year = {1997},
pages = {82-98},
}

@incollection{karp,
author = {R. Karp},
title = {Reducibility among combinatorial problems},
booktitle = {Complexity of computer computations, R. Miller and J. Thatcher, Eds.},
publisher = {Plenum Press, New York},
year = {1972},
}




@inproceedings{alon,
author = {N. Alon and R. Yuster and U. Zwick}, 
title = {Color-coding: a new method for finding simple paths, cycles and other small subgraphs within large graphs},
booktitle = {STOC '94: Proceedings of the twenty-sixth annual ACM symposium on Theory of computing},
year = {1994},
publisher = {ACM Press},
pages ={326-335},
}



@article{wood1997,
author = {D. R. Wood}, 
title = {An algorithm for finding a maximum clique in a graph},
journal = {Operations Research Letters},
volume  = {21}, 
number = {5}, 
year = {1997},
pages = {211-217},
}

@inproceedings{jokinen-fists-2011,
  author = {Jani-Pekka Jokinen and Teemu Sihvola and Esa Hyyti{\"a} and Reijo Sulonen},
  title = {Why Urban Mass Demand Responsive Transport?},
  booktitle = {{IEEE} Forum on Integrated and Sustainable Transportation Systems ({FISTS})},
  year = {2011},
  month = {June-July},
  address = {Vienna, Austria}
}




@article{berbegliapdp,
author = {G. Berbeglia and G. Pesant and L.-M. Rousseau}, 
title = {The Pickup and Delivery Problem with Fixed Partial Routes: A Complexity Analysis},
journal = {Transportation Science},
volume = {46},
number = {3},
pages = {359-373},
year = {2012},
}


@article{berbegliafeas,
author = {G. Berbeglia and G. Pesant and L.-M. Rousseau}, 
title = {Checking Feasibility of the Dial-a-Ride Problem Using Constraint Programming},
journal = {Transportation Science},
volume = {45},
year = {2011},
pages = {399-412},
}


@book{berbegliathesis,
author = {G. Berbeglia},
title = {Complexity Analyses and Algorithms for Pickup and Delivery Problems},
publisher = {Ph.D. Thesis, HEC Montreal},
year = {2009},
}


@Book{ meyer,
	author = "C. D. Meyer",
	title = "Matrix Analysis and Applied Linear Algebra",
	publisher = "SIAM, Philadelphia",
	year = "2000"
}

@Article{ cori,
	author = "R. Cori",
	title = "Indecomposable permutations, hypermaps and labeled Dyck paths",
	journal = "Journal of Combinatorial Theory, Series A",
	volume = "116",
	number = "8",
	year = "2009",
	pages = "1326--1343"
}

@Article{ hernandez,
	title = "The multi-commodity one-to-one pickup-and-delivery traveling salesman problem",
	author = "H. {Hern{\'a}ndez-P{\'e}rez} and J.-J. {Salazar-Gonz{\'a}lez}",
	journal = "European Journal of Operational Research",
	volume = "196",
	year = "2009",
	pages = "987--995"
}

@Book{ sexton01,
	author = "T. Sexton",
	year = "1979",
	title = "The single vehicle many-to-many routing and scheduling problem",
	publisher = "Ph.D. dissertation, SUNY at Stony Brook"
}

@Article{ melachrinoudis,
	author = "E. Melachrinoudis and A. B. Ilhan and H. Min",
	year = "2007",
	title = "A dial-a-ride problem for client transportation in a healthcare organization",
	journal = "Computers \& Operations Research",
	volume = "34",
	pages = "742--759"
}

@Article{ parragh,
	title = "Variable neighborhood search for the dial-a-ride problem",
	author = "S. N. Parragh and K. F. Doerner and R. F. Hartl",
	journal = "Computers \& Operations Research",
	volume = "37",
	year = "2010",
	pages = "1129--1138"
}

@Article{ garaix,
	title = "Vehicle routing problems with alternative paths: An application to on-demand transportation",
	author = "T. Garaix and C. Artigues and D. Feillet and D. Josselin",
	journal = "European Journal of Operational Research",
	volume = "204",
	year = "2010",
	pages = "62--75"
}

@Article{ attanasio,
	author = "A. Attanasio and J.-F. Cordeau and G. Ghiani and G. Laporte",
	year = "2004",
	title = "Parallel tabu search heuristics for the dynamic multi-vehicle dial-a-ride problem",
	journal = "Parallel Computing",
	volume = "30",
	pages = "377--387"
}

@Article{ berbeglia,
	title = "Dynamic pickup and delivery problems",
	author = "G. Berbeglia and J-F. Cordeau and G. Laporte",
	journal = "European Journal of Operational Research",
	volume = "202",
	year = "2010",
	pages = "8--15"
}

@Article{ sexton02,
	author = "T. Sexton and L. D. Bodin",
	year = "1985a",
	title = "Optimizing single vehicle many-to-many operations with desired delivery times: I. Scheduling",
	journal = "Transportation Science",
	volume = "19",
	pages = "378--410"
}

@Article{ sexton03,
	author = "T. Sexton and L. D. Bodin",
	year = "1985b",
	title = "Optimizing single vehicle many-to-many operations with desired delivery times: II. Routing",
	journal = "Transportation Science",
	volume = "19",
	pages = "411--435"
}

@Article{ agosti,
	author = "M. Agosti and L. Pretto",
	title = "A Theoretical Study of a Generalized Version of Kleinberg's HITS Algorithm",
	journal = "Information Retrieval",
	volume = "8",
	pages = "219--243",
	year = "2005"
}

@Article{ bent,
	title = "A two-stage hybrid algorithm for pickup and delivery vehicle routing problems with time windows",
	volume = "33",
	number = "4",
	year = "2006",
	pages = "875--893",
	author = "R. Bent and P. {Van Hentenryck}",
	journal = "Computers \& Operations Research"
}

@Book{ parlett,
	author = "B. Parlett",
	title = "The Symmetric Eigenvalue Problem",
	series = "Classics in Applied Mathematics",
	publisher = "SIAM",
	year = "1997"
}

@Article{ brent,
	author = "R. P. Brent and F. T. Luk",
	title = "The Solution of Singular-Value and Symmetric Eigenvalue Problems on Multiprocessor Arrays",
	journal = "SIAM J. Sci. and Stat. Comput.",
	volume = "6",
	pages = "69--84",
	year = "1985"
}

@Article{ corloni,
	author = "A. Corloni and G. Righini",
	title = "Modeling and optimizing dynamic dial-a-ride problems",
	journal = "International Transactions in Operational Research",
	year = "2001",
	volume = "8",
	pages = "155--166"
}

@Article{ cordeau01,
	author = "J.-F. Cordeau",
	title = "A Branch-and-cut algorithm for the dial-a-ride problem",
	journal = "Operations Research",
	year = "2006",
	volume = "54",
	pages = "573--586"
}

@Article{ cordeau02,
	author = "J.-F. Cordeau and G. Laporte",
	title = "A tabu search heuristic for the static multi-vehicle dial-a-ride problem",
	journal = "Transportation Res. B",
	year = "2003a",
	volume = "37",
	pages = "579--594"
}

@Article{ cordeau03,
	author = "J.-F. Cordeau and G. Laporte",
	title = "The dial-a-ride problem (DARP): variants, modeling issues and algorithms",
	journal = "4OR: A Quarterly Journal of Operations Research",
	year = "2003b",
	volume = "1",
	pages = "89--101"
}

@Article{ cordeau04,
	author = "J.-F. Cordeau and G. Laporte and A. Mercier",
	title = "A unified tabu search heuristic for vehicle routing problems with time windows",
	journal = "Journal of the Operational Research Society",
	year = "2001",
	volume = "52",
	pages = "928--936"
}

@InCollection{ powell,
	author = "W. B. Powell and B. Bouzaiene-Ayari and H. P. Simao",
	title = "Dynamic Models for Freight Transportation",
	booktitle = "Transportation",
	publisher = "Amsterdam: North-Holland",
	year = "2007a",
	pages = "285--365"
}

@InCollection{ powell95,
	author = "W. B. Powell and P. Jaillet and A. Odoni",
	title = "Stochastic and Dynamic Networks and Routing",
	booktitle = "Network Routing",
	publisher = "Amsterdam: North-Holland",
	year = "1995",
	volume = "8",
	pages = "141--295"
}

@Article{ bertsimas,
	author = "D. Bertsimas and D. Simchi-Levi",
	title = "A New Generation of Vehicle Routing Research: Robust Algorithms, Addressing Uncertainty",
	journal = "Operations Research",
	volume = "44",
	pages = "286--304",
	year = "1996"
}

@Article{ bianco,
	author = "L. Bianco and A. Mingozzi and S. Ricciardelli and M. Spadoni",
	title = "Exact and Heuristic Procedures for The Traveling Salesman Problem with Precedence Constraints, Based on Dynamic Programming",
	journal = "INFOR",
	volume = "32",
	pages = "19--31",
	year = "1994"
}

@InCollection{ cordeau05,
	author = "J.-F. Cordeau and G. Laporte and J.-Y. Potvin and M.W.P. Savelsbergh",
	title = "Transportation on demand",
	booktitle = "Transportation",
	publisher = "Amsterdam: North-Holland",
	year = "2007a",
	pages = "429--466"
}

@InCollection{ cordeau06,
	author = "J.-F. Cordeau and G. Laporte and M.W.P. Savelsbergh and D. Vigo",
	title = "Vehicle routing",
	booktitle = "Transportation",
	publisher = "Amsterdam: North-Holland",
	year = "2007a",
	pages = "429--466"
}

@Article{ cordeau07,
	author = "J.-F. Cordeau and G. Laporte",
	title = "The Dial-a-Ride Problem: Models and Algorithms",
	journal = "Annals of Operations Research",
	year = "2007c",
	volume = "153",
	pages = "29--46"
}

@Article{ coslovich,
	author = "L. Coslovich and R. Pesenti and W. Ukovich",
	title = "A two-phase insertion technique of unexpected customers for a dynamic dial-a-ride problem",
	journal = "European Journal of Operational Research",
	year = "2006",
	volume = "175",
	pages = "1605--1615"
}

@Article{ desrosiers01,
	author = "J. Desrosiers and Y. Dumas and F. Soumis",
	title = "A dynamic programming solution of the large-scale singlevehicle dial-a-ride problem with time windows",
	journal = "American J. of Mathematical and Management Sci.",
	year = "1986",
	volume = "6",
	pages = "301--325"
}

@InCollection{ desrosiers02,
	author = "J. Desrosiers and Y. Dumas and F. Soumis and S. Taillefer and D. Villeneuve",
	title = "An algorithm for mini-clustering in handicapped transport",
	booktitle = "Les Cahiers du GERAD",
	publisher = "HEC Montr?al",
	year = "1991",
	pages = "G--91--02"
}

@Article{ dial,
	author = "R.B. Dial",
	title = "Autonomous Dial-A-Ride Transit: Introductory Survey",
	journal = "Transportation Research Part C",
	year = "1995",
	volume = "5",
	pages = "261--275"
}

@Article{ diana,
	author = "M. Diana and M.M. Dessouky",
	title = "A new regret insertion heuristic for solving large-scale dial-a-ride problems with time windows",
	journal = "Transportation Research Part B",
	year = "2004",
	volume = "38",
	pages = "539--557"
}

@InCollection{ drineas,
	author = "P. Drineas and A. Frieze and R. Kannan and S. Vempala and V. Vinay",
	title = "Clustering in Large Graphs and Matrices",
	series = "ACM-SIAM Symposium of Discrete Algorihtms",
	year = "1999"
}

@InCollection{ drinea,
	author = "E. Drinea and P. Drineas and P. Huggins",
	title = "A randomized singular value decomposition algorithm for image processing",
	series = "Panhellenic Conference on Informatics",
	year = "2001"
}

@InCollection{ dumas01,
	author = "Y. Dumas and J. Desrosiers and F. Soumis",
	title = "Large scale multi-vehicle dial-a-ride problems",
	booktitle = "Les Cahiers du GERAD",
	publisher = "HEC Montr?al",
	year = "1989a",
	pages = "G--89--30"
}

@InCollection{ dumas02,
	author = "Y. Dumas and F. Soumis and J. Desrosiers",
	title = "Optimizing the schedule for a fixed vehicle path with convex inconvenience cost",
	booktitle = "Les Cahiers du GERAD",
	publisher = "HEC Montr?al",
	year = "1989b",
	pages = "G--89--08"
}

@Article{ dumas03,
	author = "Y. Dumas and J. Desrosiers and F. Soumis",
	title = "The pickup and delivery problem with time windows",
	journal = "European J. of Operational Research",
	volume = "54",
	year = "1991",
	pages = "7--22"
}

@Article{ fu,
	author = "L. Fu",
	title = "Scheduling dial-a-ride paratransit under time-varying, stochastic congestion",
	journal = "Transportation Research Part B",
	year = "2002",
	volume = "36",
	pages = "485--506"
}

@InCollection{ frieze,
	author = "A. Frieze and R. Kannan and S. Vempala",
	title = "Fast Monte-Carlo Algorithms for Low-Rank Approximations",
	series = "39th Symposium on Foundations of Computing",
	pages = "370--378",
	year = "1998"
}

@Article{ gaboune,
	author = "B. Gaboune and G. Laporte and F. Soumis",
	title = "Expected Distances Between Two Uniformly Distributed Random Points in Rectangles and Rectangular Parallelepipeds",
	journal = "Journal of the Operational Research Society",
	year = "1993",
	volume = "40",
	pages = "513--519"
}

@Article{ gendreau01,
	author = "M. Gendreau and A. Hertz and G. Laporte",
	title = "A tabu search heuristic for the vehicle routing problem",
	journal = "Management Science",
	year = "1994",
	volume = "40",
	pages = "1276--1290"
}

@Article{ gendreau02,
	author = "M. Gendreau and G. Laporte and F. Semet",
	title = "A dynamic model and parallel tabu search algorithm for real-time ambulance relocation",
	journal = "Parallel Computing",
	year = "2001",
	volume = "27",
	pages = "1641--1653"
}

@Article{ gendreau03,
	author = "M. Gendreau and F. Guertin and J.-Y. Potvin and E. Taillard",
	title = "Parallel tabu search for real-time vehicle routing and dispatching",
	journal = "Transportation Science",
	year = "1999",
	volume = "33",
	pages = "381--390"
}

@InCollection{ gendreau04,
	author = "M. Gendreau and J.-Y. Potvin",
	title = "Dynamic Vehicle Routing and Dispatching",
	booktitle = "Fleet Management and Logistics",
	pages = "115--126",
	publisher = "Kluwer Academic Publishers",
	year = "1998"
}

@Book{ golub,
	author = "G. H. Golub and C. F. Van Loan",
	title = "Matrix Computations",
	publisher = "Johns Hopkins University Press, London",
	year = "1989"
}

@Article{ horn,
	author = "M.E.T. Horn",
	title = "Fleet scheduling and dispatching for demand-responsive passenger services",
	journal = "Transportation Research Part C",
	year = "2002",
	volume = "10",
	pages = "35--63"
}

@Article{ hunsaker,
	author = "B. Hunsaker and M. W. P. Savelsbergh",
	year = "2002",
	title = "Efficient feasibility testing for dial-a-ride problems",
	journal = "Operations Research Letters",
	volume = "30",
	pages = "169--173"
}

@InCollection{ hyytia,
	author = "E. Hyyti{\"a} and L. H{\"a}me and A. Penttinen and R. Sulonen",
	title = "Simulation of a Large Scale Dynamic Pickup and Delivery Problem",
	year = "2010",
	booktitle = "3rd International ICST Conference on Simulation Tools and Techniques (SIMUTools 2010)"
}

@Article{eadarp,
	author = "L.E. H{\"a}me",
	title = "An Adaptive Insertion Algorithm for the Single-Vehicle Dial-A-Ride Problem with Narrow Time Windows",
	journal = "{European Journal of Operational Research.}",
	year = "2011",
  volume = {209},
  number = {1},
  pages = {11 - 22}, 
}

@Article{ jaw,
	author = "J.J. Jaw and A.R. Odoni and H.N. Psaraftis and N.H.M. Wilson",
	title = "A heuristic algorithm for the multi-vehicle advance-request dial-a-ride problem with time windows",
	journal = "Transportation Research Part B",
	year = "1986",
	volume = "20",
	pages = "243--257"
}

@Article{ farahat,
	author = "A. Farahat and T. LoFaro and J. C. Miller and G. Rae and L.A. Ward",
	title = "Authority rankings from HITS, PageRank, and SALSA: existence, uniqueness, and effect of initialization",
	journal = "SIAM Journal on Scientific Computing",
	year = "2006",
	volume = "27",
	pages = "1181--1201"
}

@InCollection{ kleinberg,
	author = "J. Kleinberg",
	title = "Authoritative sources in a hyperlinked environment",
	booktitle = "Proc. ACM-SIAM Symp. on Discrete Algorithms",
	publisher = "",
	year = "1998",
	pages = "668--677"
}

@Article{ langville,
	author = "A.N. Langville and C.D. Meyer",
	title = "A survey of eigenvector methods of web information retrieval",
	journal = "SIAM Review",
	year = "2005",
	volume = "47",
	pages = "135--161"
}

@Article{ larsen,
	author = "A. Larsen",
	title = "The dynamic vehicle routing problem",
	journal = "PhD thesis, Technical University of Denmark",
	year = "2000"
}

@Article{ madsen,
	author = "O.B.G. Madsen and H.F. Ravn and J.M. Rygaard",
	title = "A heuristic algorithm for the a dial-a-ride problem with time windows, multiple capacities, and multiple objectives",
	journal = "Annals of Operations Research",
	year = "1995",
	volume = "60",
	pages = "193--208"
}

@Article{ papadimitriou,
	author = "C.H. Papadimitriou",
	title = "The Euclidean Travelling Salesman Problem is NP-Complete",
	journal = "Theoret. Comput. Sci.",
	year = "1977",
	volume = "4",
	pages = "237--244"
}

@Article{ psaraftis01,
	author = "H.N. Psaraftis",
	title = "A dynamic programming approach to the single-vehicle, many-to-many immediate request dial-a-ride problem",
	journal = "Transportation Science",
	year = "1980",
	volume = "14",
	pages = "130--154"
}

@Article{ psaraftis02,
	author = "H.N. Psaraftis",
	title = "An exact algorithm for the single-vehicle many-to-many dial-a-ride problem with time windows",
	journal = "Trans. Sci.",
	year = "1983",
	volume = "17",
	pages = "351--357"
}

@InCollection{ psaraftis03,
	author = "H.N. Psaraftis",
	title = "Dynamic vehicle routing problems",
	booktitle = "Vehicle routing: method and studies",
	publisher = "Amsterdam: North-Holland",
	year = "1988",
	pages = "223--248"
}

@Article{ psaraftis04,
	author = "H.N. Psaraftis",
	title = "Dynamic vehicle routing: status and prospects",
	journal = "Annals of Operations Research",
	year = "1995",
	volume = "61",
	pages = "143--164"
}

@Article{ ropke,
	title = "An Adaptive Large Neighborhood Search Heuristic for the Pickup and Delivery Problem with Time Windows",
	journal = "Transportation Science",
	volume = "40",
	number = "4",
	year = "2006",
	pages = "455--472",
	author = "S. Ropke and D. Pisinger"
}

@article{ropke2007,
author = {S. Ropke and J.-F. Cordeau and G. Laporte},
title = {Models and branch-and-cut algorithm for pickup and delivery problems with time windows},
journal = {Networks},
volume = {49},
pages = {258-272},
year = {2007},
}


@Article{ savelsbergh,
	author = "M.W.P. Savelsbergh",
	year = "1992",
	title = "The vehicle routing problem with time windows: minimizing route duration",
	journal = "ORSA Journal on Computing",
	volume = "4",
	pages = "146--154"
}

@Article{ teodorovic,
	author = "D. Teodorovic and G. Radivojevic",
	title = "A fuzzy logic approach to dynamic dial-a-ride problem",
	journal = "Fuzzy Sets and Systems",
	year = "2000",
	volume = "116",
	pages = "23--33"
}

@InCollection{ toth01,
	author = "P. Toth and D. Vigo",
	title = "Fast local search algorithms for the handicapped persons transportation problem",
	booktitle = "Meta-heuristics: theory and applications",
	publisher = "Boston: Kluwer",
	year = "1996",
	pages = "23--33"
}

@Article{ toth02,
	author = "P. Toth and D. Vigo",
	title = "Heuristic algorithms for the handicapped persons transportation problem",
	journal = "Transportation Science",
	year = "1997",
	volume = "31",
	pages = "60--71"
}

@Article{ wong,
	author = "K.I. Wong and M.G.H. Bell",
	title = "Solution of the dial-a-ride problem with multi-dimensional capacity constraints",
	journal = "International Transactions in Operational Research",
	year = "2006",
	volume = "13",
	pages = "195--208"
}

@Article{ xiang2006,
	author = "Z. Xiang and C. Chu and H. Chen",
	year = "2006",
	title = "A fast heuristic for solving a large-scale static dial-a-ride problem under complex constraints",
	journal = "European Journal of Operational Research",
	volume = "174",
	pages = "1117--1139"
}

@Article{ xiang2008,
	author = "Z. Xiang and C. Chu and H. Chen",
	year = "2008",
	title = "The study of a dynamic dial-a-ride problem under time-dependent and stochastic environments",
	journal = "European Journal of Operational Research",
	volume = "185",
	pages = "534--551"
}

@Electronic{ jouko,
	title = "Jouko service routes",
	author = "{Helsinki Region Traffic}",
	journal = "http://www.hsl.fi/EN/passengersguide/",
	month = oct,
	year = "2010",
	url = "http://www.hsl.fi/EN/passengersguide/"
}

