% This file was created with JabRef 2.6.
% Encoding: Cp1252

@inproceedings{kuhmostok,
author = {L. H\"ame and J.-P. Jokinen},
title = {A stochastic network model for demand-responsive transport},
booktitle = {Kuhmo Nectar Conference on Transport Economics, Berlin},
year = {2012},
}


@article{schmocker,
title = "Frequency-based transit assignment considering seat capacities",
journal = "Transportation Research Part B: Methodological",
volume = "45",
number = "2",
pages = "392 - 408",
year = "2011",
note = "",
issn = "0191-2615",
doi = "10.1016/j.trb.2010.07.002",
url = "http://www.sciencedirect.com/science/article/pii/S0191261510000974",
author = "Jan-Dirk Schmöcker and Achille Fonzone and Hiroshi Shimamoto and Fumitaka Kurauchi and Michael G.H. Bell",
keywords = "Transit assignment",
keywords = "Frequency-based",
keywords = "Seat capacities"
}

@article{hamdouch,
title = "Schedule-based transit assignment model with vehicle capacity and seat availability",
journal = "Transportation Research Part B: Methodological",
volume = "45",
number = "10",
pages = "1805 - 1830",
year = "2011",
note = "",
issn = "0191-2615",
doi = "10.1016/j.trb.2011.07.010",
url = "http://www.sciencedirect.com/science/article/pii/S019126151100110X",
author = "Younes Hamdouch and H.W. Ho and Agachai Sumalee and Guodong Wang",
keywords = "Transit assignment",
keywords = "Transit seat allocation",
keywords = "Schedule-based",
keywords = "User equilibrium",
keywords = "Capacity",
keywords = "Travel strategy"
}



@article{rietveld,
title = "Coping with unreliability in public transport chains: A case study for Netherlands",
journal = "Transportation Research Part A: Policy and Practice",
volume = "35",
number = "6",
pages = "539 - 559",
year = "2001",
note = "",
issn = "0965-8564",
doi = "10.1016/S0965-8564(00)00006-9",
url = "http://www.sciencedirect.com/science/article/pii/S0965856400000069",
author = "P Rietveld and F.R Bruinsma and D.J van Vuuren",
keywords = "Reliability",
keywords = "Travel chains",
keywords = "Public transport",
keywords = "Delays",
keywords = "Multimodality"
}



@article{andre,
author = {P. André and M. L. Wilson and A. Owens and D.A. Smith},
title =  {D. A. Journey planning based on user needs},
journal = {CHI '07 extended abstracts}, 
pages ={2025-2030},
year= {2007}
}

@article{beecroft,
author = {M. Beecroft and M. McDonald and M. Bespoke},
title = {Services for personal travel and goods movement},
journal = {Engineering Sustainability}, 
volume = {158},
number = {2},
pages = {83-88},
year = {2005}
}


@article{reittiopas,
author= {Helsinki Region Traffic},
title = {Kalkati.net XML representation of Helsinki Regional Transport Authority (HSL) timetable data},
journal = {{http://developer.reittiopas.fi/}},
year={2010},
}


@article{hoogma,
author = {R. Kemp and R. Hoogma and J. Schot and B. Truffer},
title = {Experimenting for sustainable transport},
journal = {The approach of strategic niche management, Spon Press},
year = {2002},
}



@ARTICLE{agosti,
  author = {M. Agosti and L. Pretto},
  title = {A Theoretical Study of a Generalized Version of Kleinberg's HITS
	Algorithm},
  journal = {Information Retrieval},
  year = {2005},
  volume = {8},
  pages = {219-243}
}

@ARTICLE{Agosti2005,
  author = {M. Agosti and L. Pretto},
  title = {A Theoretical Study of a Generalized Version of Kleinberg's {HITS}
	Algorithm},
  journal = {Information Retrieval},
  year = {2005},
  volume = {8},
  pages = {219-243},
  owner = {lehame},
  timestamp = {2010.09.27}
}

@BOOK{aizerman,
  title = {Theory of choice},
  publisher = {North-Holland Publishing Co. Amsterdam},
  year = {1995},
  author = {M. Aizerman and F. Aleskerov},
  pages = {x+314},
  incollection = {Studies in Mathematical and Managerial Economics 38}
}

@BOOK{Anderson2005,
  title = {Hyperbolic Geometry, second edition},
  publisher = {Springer},
  year = {2005},
  author = {J. W. Anderson},
  owner = {lehame},
  timestamp = {2010.09.27}
}

@ARTICLE{arkin,
  author = {E. M. Arkin and R. Hassin},
  title = {Approximation algorithms for the geometric covering salesman problem},
  journal = {Discrete Applied Mathematics},
  year = {1994},
  volume = {55},
  pages = {197-218}
}

@ARTICLE{Arora1998,
  author = {S. Arora},
  title = {Polynomial time approximation schemes for Euclidean traveling salesman
	and other geometric problems},
  journal = {J. ACM},
  year = {1998},
  volume = {45},
  pages = {753-782},
  owner = {lehame},
  timestamp = {2010.09.27}
}

@ARTICLE{arrow,
  author = {K. J. Arrow},
  title = {Rational Choice Functions and Orderings},
  journal = {Economica},
  volume = {26},
  pages = {121-127}
}

@INCOLLECTION{ascheuer,
  author = {N. Ascheuer and S. O. Krumke and J. Rambau},
  title = {Online dial-a-ride problems: Minimizing the completion time},
  booktitle = {STACS 2000 Lecture Notes in Computer Science},
  publisher = {Springer, Berlin},
  year = {2000},
  volume = {1770},
  pages = {639-650}
}

@ARTICLE{Attanasio2004,
  author = {A. Attanasio and J.-F. Cordeau and G. Ghiani and G. Laporte},
  title = {Parallel tabu search heuristics for the dynamic multi-vehicle dial-a-ride
	problem},
  journal = {Parallel Computing},
  year = {2004},
  volume = {30},
  pages = {377-387},
  owner = {lehame},
  timestamp = {2010.09.27}
}

@BOOK{bakker,
  title = {Large scale demand responsive transit systems - A local suburban
	transport solution for the next millennium},
  publisher = {Presented at European Transport Conference, Cambridge, UK},
  year = {1999},
  author = {P. Bakker}
}

@BOOK{Banks-2001,
  title = {Discrete-Event System Simulation},
  publisher = {Prentice-Hall},
  year = {2001},
  author = {Jerry~Banks and John~S.~Carson~II and Barry~L.~Nelson and David~M.~Nicol},
  series = {Prentice-Hall International Series in Industrial and Systems Engineering},
  edition = {Third}
}

@ARTICLE{Bent2006,
  author = {R. Bent and P. {Van Hentenryck}},
  title = {A two-stage hybrid algorithm for pickup and delivery vehicle routing
	problems with time windows},
  journal = {Computers \& Operations Research},
  year = {2006},
  volume = {33},
  pages = {875-893},
  number = {4},
  owner = {lehame},
  timestamp = {2010.09.27}
}

@ARTICLE{Berbeglia2010,
  author = {G. Berbeglia and J-F. Cordeau and G. Laporte},
  title = {Dynamic pickup and delivery problems},
  journal = {European Journal of Operational Research},
  year = {2010},
  volume = {202},
  pages = {8-15},
  owner = {lehame},
  timestamp = {2010.09.27}
}

@ARTICLE{Berg2005,
  author = {M. de Berg and J. Gudmundsson and M. J. Katz and C. Levcopoulos and
	M. H. Overmars and A. F. van der Stappen},
  title = {{TSP} with Neighborhoods of Varying Size},
  journal = {Journal of Algorithms},
  year = {2005},
  volume = {57},
  pages = {22-36},
  number = {1},
  owner = {lehame},
  timestamp = {2010.09.27}
}

@ARTICLE{berry,
  author = {Michael W. Berry and Zlatko Drmac and Elizabeth R. Jessup},
  title = {Matrices, vector spaces and information retrieval},
  journal = {SIAM Review},
  year = {1999},
  volume = {41},
  pages = {335–362}
}

@ARTICLE{Berry1999,
  author = {Michael W. Berry and Zlatko Drmac and Elizabeth R. Jessup},
  title = {Matrices, vector spaces and information retrieval},
  journal = {SIAM Review},
  year = {1999},
  volume = {41},
  pages = {335ï¿½362},
  __markedentry = {[lehame]},
  owner = {lehame},
  timestamp = {2010.09.27}
}

@ARTICLE{bertsimas,
  author = {D. Bertsimas and D. Simchi-Levi},
  title = {A New Generation of Vehicle Routing Research: Robust Algorithms,
	Addressing Uncertainty},
  journal = {Operations Research},
  year = {1996},
  volume = {44},
  pages = {286-304}
}

@ARTICLE{bertsimas02,
  author = {D. J. Bertsimas and G. J. van Ryzin},
  title = {Stochastic and dynamic vehicle routing in the Euclidean plane with
	multiple capacitated vehicles},
  journal = {Advances in Applied Probability},
  year = {1993},
  volume = {25},
  pages = {947-978},
  number = {4}
}

@ARTICLE{bertsimas03,
  author = {D. J. Bertsimas and G. J. van Ryzin},
  title = {Stochastic and dynamic vehicle routing with general interarrival
	and service time distributions},
  journal = {Advances in Applied Probability},
  year = {1993},
  volume = {25},
  pages = {947-978}
}

@ARTICLE{bertsimas04,
  author = {D. J. Bertsimas and G. J. van Ryzin},
  title = {A stochastic and dynamic vehicle routing problem in the Euclidean
	plane},
  journal = {Operations Research},
  year = {1991},
  volume = {39},
  pages = {601-615}
}

@ARTICLE{Bettstetter-MobileComputing-2003,
  author = {Christian Bettstetter and Giovanni Resta and Paolo Santi},
  title = {The node distribution of the random waypoint mobility model for wireless
	ad hoc networks},
  journal = {{IEEE} Trans. on Mobile Computing},
  year = {2003},
  volume = {2},
  pages = {257--269},
  number = {3},
  month = {Jul.--Sept.}
}

@ARTICLE{bianco,
  author = {L. Bianco and A. Mingozzi and S. Ricciardelli and M. Spadoni},
  title = {Exact and Heuristic Procedures for The Traveling Salesman Problem
	with Precedence Constraints, Based on Dynamic Programming},
  journal = {INFOR},
  year = {1994},
  volume = {32},
  pages = {19-31},
  owner = {lehame},
  timestamp = {2009.09.22}
}

@BOOK{black,
  title = {Urban mass transportation planning},
  publisher = {McGraw-Hill, New York},
  year = {1995},
  author = {A. Black}
}

@ARTICLE{borda,
  author = {J. C. Borda},
  title = {Mémoires sur les élections au scrutin},
  journal = {Histoires de l'Académie Royale des Sciences},
  year = {1781}
}

@ARTICLE{Borda1781,
  author = {J. C. Borda},
  title = {Mï¿½moires sur les ï¿½lections au scrutin},
  journal = {Histoires de l'Acadï¿½mie Royale des Sciences},
  year = {1781},
  __markedentry = {[lehame]},
  owner = {lehame},
  timestamp = {2010.09.27}
}

@ARTICLE{braysy01,
  author = {O. Br\"aysy and M. Gendreau},
  title = {Vehicle routing problem with time windows, part I: Route construction
	and local search algorithms},
  journal = {Transportation Science},
  year = {2005},
  volume = {39},
  pages = {104-118},
  number = {1}
}

@ARTICLE{braysy02,
  author = {O. Br\"aysy and M. Gendreau},
  title = {Vehicle routing problem with time windows, part II: Metaheuristics},
  journal = {Transportation Science},
  year = {2005},
  volume = {39},
  pages = {119-139},
  number = {1}
}

@ARTICLE{brent,
  author = {R. P. Brent and F. T. Luk},
  title = {The Solution of Singular-Value and Symmetric Eigenvalue Problems
	on Multiprocessor Arrays},
  journal = {SIAM J. Sci. and Stat. Comput.},
  year = {1985},
  volume = {6},
  pages = {69-84}
}

@INCOLLECTION{brin01,
  author = {S. Brin and L. Page},
  title = {The anatomy of a large-scale hypertextual Web search engine},
  booktitle = {Proceedings of the Seventh International Conference on World Wide
	Web},
  year = {1998},
  volume = {7},
  pages = {107-117}
}

@INCOLLECTION{brin02,
  author = {S. Brin and L. Page and R. Motwami and T. Winograd},
  title = {The PageRank Citation Ranking: Bringing Order to the Web},
  booktitle = {Techincal Report 1999-0120, Computer Science Department},
  publisher = {Stanford University, Stanford, CA},
  year = {1999}
}

@ARTICLE{Bruckstein1995,
  author = {A. M. Bruckstein and G. Sapiro and D. Shaked},
  title = {Evolution of planar polygons},
  journal = {International Journal of Pattern Recognition and Artificial Intelligence},
  year = {1995},
  volume = {9},
  pages = {991 - 1014},
  number = {6},
  owner = {lehame},
  timestamp = {2010.09.27}
}

@BOOK{cervero,
  title = {The Transit Metropolis},
  publisher = {Island Press, Washington D.C.},
  year = {1998},
  author = {R. Cervero}
}

@ARTICLE{chernoff,
  author = {H. Chernoff},
  title = {Rational selection of decision functions},
  journal = {Econometrica},
  volume = {22},
  pages = {422-443}
}

@BOOK{Chou2001,
  title = {The Curve Shortening Problem},
  publisher = {Chapman and Hall/CRC},
  year = {2001},
  author = {K.-S. Chou and X.-P. Zhu},
  owner = {lehame},
  timestamp = {2010.09.27}
}

@BOOK{Christofides1976,
  title = {Worst-case analysis of a new heuristic for the traveling salesman
	problem},
  publisher = {Technical report, Graduate School of Industrial Administration, Carnegy-Mellon
	Univ.},
  year = {1976},
  author = {N. Christofides},
  owner = {lehame},
  timestamp = {2010.09.27}
}

@BOOK{condorcet,
  title = {Essai sur l'application de l'analysé a la probabilté des décisions
	rendues 'a la pluralite' des voix},
  publisher = {Paris},
  year = {1785},
  author = {M. de Condorcet}
}

@BOOK{Condorcet1785,
  title = {Essai sur l'application de l'analysï¿½ a la probabiltï¿½ des dï¿½cisions
	rendues 'a la pluralite' des voix},
  publisher = {Paris},
  year = {1785},
  author = {M. de Condorcet},
  __markedentry = {[lehame]},
  owner = {lehame},
  timestamp = {2010.09.27}
}

@ARTICLE{cordeau01,
  author = {J.-F. Cordeau},
  title = {A Branch-and-cut algorithm for the dial-a-ride problem},
  journal = {Operations Research},
  year = {2006},
  volume = {54},
  pages = {573-586}
}

@ARTICLE{cordeau07,
  author = {J.-F. Cordeau and G. Laporte},
  title = {The Dial-a-Ride Problem: Models and Algorithms},
  journal = {Annals of Operations Research},
  year = {2007c},
  volume = {153},
  pages = {29-46}
}

@ARTICLE{cordeau03,
  author = {J.-F. Cordeau and G. Laporte},
  title = {The dial-a-ride problem (DARP): variants, modeling numbers and algorithms},
  journal = {4OR: A Quarterly Journal of Operations Research},
  year = {2003b},
  volume = {1},
  pages = {89-101}
}

@ARTICLE{Cordeau2003b,
  author = {J.-F. Cordeau and G. Laporte},
  title = {The dial-a-ride problem (DARP): variants, modeling issues and algorithms},
  journal = {4OR: A Quarterly Journal of Operations Research},
  year = {2003b},
  volume = {1},
  pages = {89-101},
  owner = {lehame},
  timestamp = {2010.09.27}
}

@ARTICLE{cordeau02,
  author = {J.-F. Cordeau and G. Laporte},
  title = {A tabu search heuristic for the static multi-vehicle dial-a-ride
	problem},
  journal = {Transportation Research B},
  year = {2003a},
  volume = {37},
  pages = {579-594}
}

@ARTICLE{Cordeau2007,
  author = {J.-F. Cordeau and G. Laporte},
  title = {The Dial-a-Ride Problem: Models and Algorithms},
  journal = {Annals of Operations Research},
  year = {2007},
  volume = {153},
  pages = {29-46},
  owner = {lehame},
  timestamp = {2010.09.27}
}

@ARTICLE{cordeau04,
  author = {J.-F. Cordeau and G. Laporte and A. Mercier},
  title = {A unified tabu search heuristic for vehicle routing problems with
	time windows},
  journal = {Journal of the Operational Research Society},
  year = {2001},
  volume = {52},
  pages = {928-936}
}

@INCOLLECTION{cordeau05,
  author = {J.-F. Cordeau and G. Laporte and J.-Y. Potvin and M.W.P. Savelsbergh},
  title = {Transportation on demand},
  booktitle = {Transportation},
  publisher = {Amsterdam: North-Holland},
  year = {2007a},
  pages = {429-466}
}

@INCOLLECTION{cordeau06,
  author = {J.-F. Cordeau and G. Laporte and M.W.P. Savelsbergh and D. Vigo},
  title = {Vehicle routing},
  booktitle = {Transportation},
  publisher = {Amsterdam: North-Holland},
  year = {2007a},
  pages = {429-466}
}

@ARTICLE{Cori2009,
  author = {R. Cori},
  title = {Indecomposable permutations, hypermaps and labeled Dyck paths},
  journal = {Journal of Combinatorial Theory, Series A},
  year = {2009},
  volume = {116},
  pages = {1326-1343},
  number = {8},
  owner = {lehame},
  timestamp = {2010.09.27}
}

@ARTICLE{corloni,
  author = {A. Corloni and G. Righini},
  title = {Modeling and optimizing dynamic dial-a-ride problems},
  journal = {International Transactions in Operational Research},
  year = {2001},
  volume = {8},
  pages = {155-166}
}

@ARTICLE{Cort'es2010,
  author = {C. E. Cort\'es and M. Matamala and C. Contardo},
  title = {The pickup and delivery problem with transfers: Formulation and a
	branch-and-cut solution method},
  journal = {European Journal of Operational Research},
  year = {2010},
  volume = {200},
  pages = {711-724},
  owner = {lehame},
  timestamp = {2010.09.27}
}

@ARTICLE{cortes,
  author = {Cristian E. Cortes and R. Jayakrishnan},
  title = {Design and Operational Concepts of a High Coverage Point-to-Point
	Transit System},
  journal = {Center for Traffic Simulation Studies},
  year = {2001}
}

@ARTICLE{coslovich,
  author = {L. Coslovich and R. Pesenti and W. Ukovich},
  title = {A two-phase insertion technique of unexpected customers for a dynamic
	dial-a-ride problem},
  journal = {European Journal of Operational Research},
  year = {2006},
  volume = {175},
  pages = {1605-1615}
}

@INCOLLECTION{desrosiers03,
  author = {J. Desrosiers and Y. Dumas and M. M. Solomon and F. Soumis},
  title = {Time constrained routing and scheduling},
  booktitle = {Handbooks in Operations Research and Management Science},
  publisher = {Elsevier Science Publishers, Amsterdam, The Netherlands},
  year = {1995},
  chapter = {8},
  pages = {35-139},
  owner = {lehame},
  timestamp = {2009.09.22}
}

@ARTICLE{desrosiers01,
  author = {J. Desrosiers and Y. Dumas and F. Soumis},
  title = {A dynamic programming solution of the large-scale singlevehicle dial-a-ride
	problem with time windows},
  journal = {American Journal of Mathematical and Management Sciences},
  year = {1986},
  volume = {6},
  pages = {301-325}
}

@ARTICLE{Desrosiers1986,
  author = {J. Desrosiers and Y. Dumas and F. Soumis},
  title = {A dynamic programming solution of the large-scale single vehicle
	dial-a-ride problem with time windows},
  journal = {American Journal of Mathematical and Management Sciences},
  year = {1986},
  volume = {6},
  pages = {301-325},
  owner = {lehame},
  timestamp = {2010.09.27}
}

@INCOLLECTION{desrosiers02,
  author = {J. Desrosiers and Y. Dumas and F. Soumis and S. Taillefer and D.
	Villeneuve},
  title = {An algorithm for mini-clustering in handicapped transport},
  booktitle = {Les Cahiers du GERAD},
  publisher = {HEC Montréal},
  year = {1991},
  pages = {G-91-02}
}

@ARTICLE{dial,
  author = {R.B. Dial},
  title = {Autonomous Dial-A-Ride Transit: Introductory Survey},
  journal = {Transportation Research Part C},
  year = {1995},
  volume = {5},
  pages = {261-275}
}

@ARTICLE{diana,
  author = {M. Diana and M. Dessouky},
  title = {A new regret insertion heuristic for solving large-scale dial-a-ride
	problems with time windows},
  journal = {Transportation Research Part B},
  year = {2004},
  volume = {38},
  pages = {539-557}
}

@ARTICLE{Diana2007,
  author = {M. Diana and L. Quadrifoglio and C. Pronelloa},
  title = {Emissions of demand responsive services as an alternative to conventional
	transit systems},
  journal = {Transportation Research Part D: Transport and Environment},
  year = {2007},
  volume = {12},
  pages = {183-188},
  number = {3},
  __markedentry = {[lehame]},
  owner = {lehame},
  timestamp = {2010.09.27}
}

@INCOLLECTION{drinea,
  author = {E. Drinea and P. Drineas and P. Huggins},
  title = {A randomized singular value decomposition algorithm for image processing},
  year = {2001},
  series = {Panhellenic Conference on Informatics},
  owner = {lehame},
  timestamp = {2009.09.22}
}

@INCOLLECTION{drineas,
  author = {P. Drineas and A. Frieze and R. Kannan and S. Vempala and V. Vinay},
  title = {Clustering in Large Graphs and Matrices},
  year = {1999},
  series = {ACM-SIAM Symposium of Discrete Algorihtms},
  owner = {lehame},
  timestamp = {2009.09.22}
}

@ARTICLE{dumais,
  author = {Susan T. Dumais},
  title = {Improving the retrieval of information from external sources},
  journal = {Behavior Research Methods, Instruments and Computers},
  year = {1991},
  volume = {23},
  pages = {229–236}
}

@ARTICLE{Dumais1991,
  author = {Susan T. Dumais},
  title = {Improving the retrieval of information from external sources},
  journal = {Behavior Research Methods, Instruments and Computers},
  year = {1991},
  volume = {23},
  pages = {229ï¿½236},
  __markedentry = {[lehame]},
  owner = {lehame},
  timestamp = {2010.09.27}
}

@INCOLLECTION{dumas01,
  author = {Y. Dumas and J. Desrosiers and F. Soumis},
  title = {Large scale multi-vehicle dial-a-ride problems},
  booktitle = {Les Cahiers du GERAD},
  publisher = {HEC Montréal},
  year = {1989a},
  pages = {G-89-30}
}

@ARTICLE{dumas03,
  author = {Y. Dumas and J. Desrosiers and F. Soumis},
  title = {The pickup and delivery problem with time windows},
  journal = {European Journal of Operational Research},
  year = {1991},
  volume = {54},
  pages = {7-22}
}

@INCOLLECTION{dumas02,
  author = {Y. Dumas and F. Soumis and J. Desrosiers},
  title = {Optimizing the schedule for a fixed vehicle path with convex inconvenience
	cost},
  booktitle = {Les Cahiers du GERAD},
  publisher = {HEC Montréal},
  year = {1989b},
  pages = {G-89-08}
}

@ARTICLE{dumitrescu,
  author = {A. Dumitrescu and J. S. B. Mitchell},
  title = {Approximation algorithms for TSP with neighborhoods in the plane},
  journal = {In Proc. 12th Annual ACM-SIAM Symposium on Discrete Algorithms},
  year = {2001},
  pages = {38-46}
}

@ARTICLE{Dumitrescu2001,
  author = {A. Dumitrescu and J. S. B. Mitchell},
  title = {Approximation algorithms for {TSP} with neighborhoods in the plane},
  journal = {In Proc. 12th Annual ACM-SIAM Symposium on Discrete Algorithms},
  year = {2001},
  pages = {38-46},
  owner = {lehame},
  timestamp = {2010.09.27}
}

@INCOLLECTION{Elbassioni2005,
  author = {K. Elbassioni and A. V. Fishkin and N. H. Mustafa and R. Sitters},
  title = {Approximation Algorithms for Euclidean Group {TSP}},
  booktitle = {Lecture Notes in Computer Science 3580},
  publisher = {Springer Berlin / Heidelberg},
  year = {2005},
  owner = {lehame},
  timestamp = {2010.09.27}
}

@BOOK{enoch,
  title = {Intermode: Innovations in Demand Responsive Transport. Intermode
	Final Report},
  publisher = {Department for Transport and Greater Manchester Passenger Transport
	Executive, Manchester},
  year = {2004},
  author = {M. Enoch and S. Potter and G. Parkhurst and M. Smith}
}

@BOOK{detr,
  title = {Social exclusion and the provision and availability of public transport},
  publisher = {DETR, London},
  year = {2000},
  author = {Department of the Environment Transport and the Regions}
}

@ARTICLE{farahat,
  author = {A. Farahat and T. LoFaro and J. C. Miller and G. Rae and L.A. Ward},
  title = {Authority rankings from HITS, PageRank, and SALSA: existence, uniqueness,
	and effect of initialization},
  journal = {SIAM Journal on Scientific Computing},
  year = {2006},
  volume = {27},
  pages = {1181-1201}
}

@ARTICLE{Farahat2006,
  author = {A. Farahat and T. LoFaro and J. C. Miller and G. Rae and L.A. Ward},
  title = {Authority rankings from {HITS}, PageRank, and {SALSA}: existence,
	uniqueness, and effect of initialization},
  journal = {SIAM Journal on Scientific Computing},
  year = {2006},
  volume = {27},
  pages = {1181-1201},
  owner = {lehame},
  timestamp = {2010.09.27}
}

@ARTICLE{feuerstein,
  author = {E. Feuerstein and L. Stougie},
  title = {On-line single-server dial-a-ride problems},
  journal = {Theoretical Computer Science},
  year = {2001},
  volume = {268},
  pages = {91-105}
}

@BOOK{finn,
  title = {Analysis of User Needs for Demand Responsive Transport Services},
  publisher = {Deliverable no. D3, SAMPO project - TR1046, European Commission},
  year = {1996},
  author = {B. Finn}
}

@ARTICLE{frazzoli,
  author = {E. Frazzoli and F. Bullo},
  title = {Decentralized algorithms for vehicle routing in a stochastic time-varying
	environment},
  journal = {In Proc. IEEE Conf. on Decision and Control, Paradise Island, Bahamas},
  year = {2004}
}

@BOOK{Friedman1953,
  title = {Essays in Positive Economics},
  publisher = {University of Chicago Press},
  year = {1953},
  author = {M. Friedman},
  pages = {3-43},
  __markedentry = {[lehame]},
  owner = {lehame},
  timestamp = {2010.09.27}
}

@ARTICLE{Frieze1982,
  author = {A. Frieze and G. Galbiati and F. Maffioli},
  title = {On the worst-case performance of some algorithms for the asymmetric
	travelling salesman problem},
  journal = {Networks},
  year = {1982},
  volume = {12},
  pages = {23-39},
  owner = {lehame},
  timestamp = {2010.09.27}
}

@INCOLLECTION{frieze,
  author = {A. Frieze and R. Kannan and S. Vempala},
  title = {Fast Monte-Carlo Algorithms for Low-Rank Approximations},
  year = {1998},
  series = {39th Symposium on Foundations of Computing},
  pages = {370-378},
  owner = {lehame},
  timestamp = {2009.09.22}
}

@ARTICLE{fu,
  author = {L. Fu},
  title = {Scheduling dial-a-ride paratransit under time-varying, stochastic
	congestion},
  journal = {Transportation Research Part B},
  year = {2002},
  volume = {36},
  pages = {485-506}
}

@INCOLLECTION{fu2,
  author = {L. Fu and J. Yang and J. Casello and C. E. Cortés and R. Jayakrishnan},
  title = {Quantifying Technical Efficiency of Paratransit Systems by Data Envelopment
	Analysis Method},
  booktitle = {Transportation Research Record: Journal of the Transportation Research
	Board, No. 2034},
  publisher = {Transportation Research Board of the National Academies, Washington,
	D.C.},
  year = {2007},
  pages = {115-122}
}

@ARTICLE{berbeglia,
  author = {G.Berbeglia and J.-F. Cordeau and G. Laporte},
  title = {Dynamic pickup and delivery problems},
  journal = {European Journal of Operational Research},
  year = {2009},
  note = {In press}
}

@ARTICLE{gaboune,
  author = {B. Gaboune and G. Laporte and F. Soumis},
  title = {Expected Distances Between Two Uniformly Distributed Random Points
	in Rectangles and Rectangular Parallelepipeds},
  journal = {Journal of the Operational Research Society},
  year = {1993},
  volume = {40},
  pages = {513-519}
}

@ARTICLE{Gage1984,
  author = {M. E. Gage},
  title = {Curve shortening makes convex curves circular},
  journal = {Inventiones Mathematicae},
  year = {1984},
  volume = {76},
  pages = {357 - 364},
  owner = {lehame},
  timestamp = {2010.09.27}
}

@ARTICLE{Garaix2010,
  author = {T. Garaix and C. Artigues and D. Feillet and D. Josselin},
  title = {Vehicle routing problems with alternative paths: An application to
	on-demand transportation},
  journal = {European Journal of Operational Research},
  year = {2010},
  volume = {204},
  pages = {62-75},
  owner = {lehame},
  timestamp = {2010.09.27}
}

@ARTICLE{Garey1977,
  author = {M. R. Garey and R. L. Graham and D. S. Johnson},
  title = {The complexity of computing Steiner minimal trees},
  journal = {SIAM J. Appl. Math},
  year = {1977},
  volume = {32},
  pages = {835-859},
  owner = {lehame},
  timestamp = {2010.09.27}
}

@INCOLLECTION{Garey1976,
  author = {M. R. Garey and R. L. Graham and D. S. Johnson},
  title = {Some {NP}-complete geometric problems},
  booktitle = {Conf. Record 8th Annual ACM Symposium on Theory of Computing},
  publisher = {Hershey, PA},
  year = {1976},
  pages = {10–22},
  owner = {lehame},
  timestamp = {2010.09.27}
}

@ARTICLE{gendreau2006,
  author = {M. Gendreau and F. Guertin and J.-Y. Potvin and R. Séguin},
  title = {Neighborhood search heuristics for a dynamic vehicle dispatching
	problem with pick-ups and deliveries},
  journal = {Transportation Research Part C},
  year = {2006},
  volume = {14},
  pages = {157-174}
}

@ARTICLE{gendreau03,
  author = {M. Gendreau and F. Guertin and J.-Y. Potvin and E. Taillard},
  title = {Parallel tabu search for real-time vehicle routing and dispatching},
  journal = {Transportation Science},
  year = {1999},
  volume = {33},
  pages = {381-390}
}

@ARTICLE{gendreau01,
  author = {M. Gendreau and A. Hertz and G. Laporte},
  title = {A tabu search heuristic for the vehicle routing problem},
  journal = {Management Science},
  year = {1994},
  volume = {40},
  pages = {1276-1290}
}

@ARTICLE{gendreau02,
  author = {M. Gendreau and G. Laporte and F. Semet},
  title = {A dynamic model and parallel tabu search algorithm for real-time
	ambulance relocation},
  journal = {Parallel Computing},
  year = {2001},
  volume = {27},
  pages = {1641-1653}
}

@INCOLLECTION{gendreau04,
  author = {M. Gendreau and J.-Y. Potvin},
  title = {Dynamic Vehicle Routing and Dispatching},
  booktitle = {Fleet Management and Logistics},
  publisher = {Kluwer Academic Publishers},
  year = {1998},
  pages = {115-126}
}

@ARTICLE{ghiani2003,
  author = {G. Ghiani and F. Guerriero and G. Laporte and R. Musmanno},
  title = {Real-time vehicle routing: Solution concepts, algorithms and parallel
	computing strategies},
  journal = {European Journal of Operational Research},
  year = {2003},
  volume = {151},
  pages = {1-11}
}

@ARTICLE{ghiani2009,
  author = {G. Ghiani and E. Manni and A. Quaranta and C. Triki},
  title = {Anticipatory algorithms for same-day courier dispatching},
  journal = {Transportation Research Part E},
  year = {2009},
  volume = {45},
  pages = {96-106}
}

@BOOK{golub,
  title = {Matrix Computations},
  publisher = {Johns Hopkins University Press, London},
  year = {1989},
  author = {G. H. Golub and C. F. Van Loan},
  owner = {lehame},
  timestamp = {2009.09.22}
}

@ARTICLE{Grayson1989,
  author = {M. A. Grayson},
  title = {Shortening embedded curves},
  journal = {Annals of Mathematics},
  year = {1989},
  volume = {129},
  pages = {71 - 111},
  owner = {lehame},
  timestamp = {2010.09.27}
}

@ARTICLE{Grayson1987,
  author = {M. A. Grayson},
  title = {The heat equation shrinks embedded plane curves to round points},
  journal = {J. Differential Geom.},
  year = {1987},
  volume = {26},
  pages = {285 - 314},
  owner = {lehame},
  timestamp = {2010.09.27}
}

@ARTICLE{gudmundsson,
  author = {J. Gudmundsson and C. Levcopoulos},
  title = {A fast approximation algorithm for TSP with neighborhoods},
  journal = {Nordic Journal of Computing},
  year = {1999},
  volume = {6},
  pages = {469-488},
  number = {4}
}

@ARTICLE{eadarp,
  author = {L.E. H\"ame},
  title = {An exact algorithm for the single vehicle dial-a-ride problem with
	narrow time windows},
  journal = {European Journal of Operational Research},
  year = {2010},
  volume = {to appear},
  pages = {-},
  owner = {lehame},
  timestamp = {2009.09.22}
}

@UNPUBLISHED{Hame2010,
  author = {L.E. H\"ame},
  title = {An Adaptive Insertion Algorithm for the Single-Vehicle Dial-A-Ride
	Problem with Narrow Time Windows},
  note = {In Press},
  year = {2010},
  journal = {European Journal of Operational Research},
  owner = {lehame},
  timestamp = {2010.09.27}
}

@ARTICLE{Hame2008,
  author = {L.E. H\"ame},
  title = {An exact algorithm for the single vehicle dial-a-ride problem with
	narrow time windows},
  journal = {Transportation Research Part B},
  year = {2008},
  volume = {XX},
  pages = {XXX-XXX},
  owner = {lehame},
  timestamp = {2010.09.27}
}

@ARTICLE{Hern'andez-P'erez2009,
  author = {H. {Hern\'andez-P\'erez} and J.-J. {Salazar-Gonz\'alez}},
  title = {The multi-commodity one-to-one pickup-and-delivery traveling salesman
	problem},
  journal = {European Journal of Operational Research},
  year = {2009},
  volume = {196},
  pages = {987-995},
  owner = {lehame},
  timestamp = {2010.09.27}
}

@ARTICLE{Hershberger1995,
  author = {J. Hershberger and S. Suri},
  title = {A pedestrian approach to ray shooting: shoot a ray, take a walk},
  journal = {J. Algorithms},
  year = {1995},
  volume = {18},
  pages = {403-431},
  number = {3},
  owner = {lehame},
  timestamp = {2010.09.27}
}

@ARTICLE{horn,
  author = {M.E.T. Horn},
  title = {Fleet scheduling and dispatching for demand-responsive passenger
	services},
  journal = {Transportation Research Part C},
  year = {2002},
  volume = {10},
  pages = {35-63}
}

@ARTICLE{Hunsaker2002,
  author = {B. Hunsaker and M. W. P. Savelsbergh},
  title = {Efficient feasibility testing for dial-a-ride problems},
  journal = {Operations Research Letters},
  year = {2002},
  volume = {30},
  pages = {169-173},
  owner = {lehame},
  timestamp = {2010.09.27}
}

@UNPUBLISHED{hyytia,
  author = {E. Hyyti\"a and L. H\"ame and A. Penttinen},
  title = {Simulation of a large scale dynamic pickup and delivery problem},
  note = {Full paper accepted to SIMUTools 2010},
  year = {2010}
}

@INCOLLECTION{Hyytia2010,
  author = {E. Hyyti\"a and L. H\"ame and A. Penttinen and R. Sulonen},
  title = {Simulation of a Large Scale Dynamic Pickup and Delivery Problem},
  booktitle = {3rd International ICST Conference on Simulation Tools and Techniques
	(SIMUTools 2010)},
  year = {2010},
  owner = {lehame},
  timestamp = {2010.09.27}
}

@INPROCEEDINGS{Hyytia2010a,
  author = {E. Hyyti\"a and L. H\"ame and A. Penttinen and R. Sulonen},
  title = {Simulation of a large scale dynamic pickup and delivery problem},
  booktitle = {Proceedings of SIMUTools 2010},
  year = {2010},
  __markedentry = {[lehame]},
  owner = {lehame},
  timestamp = {2010.09.27}
}

@ARTICLE{hlv-rwp,
  author = {Esa Hyyti{\"a} and Pasi Lassila and Jorma Virtamo},
  title = {Spatial Node Distribution of the Random Waypoint Mobility Model With
	Applications},
  journal = {{IEEE} Trans.\ on Mobile Computing},
  year = {2006},
  volume = {5},
  pages = {680--694},
  number = {6},
  month = jun
}

@ARTICLE{jaw,
  author = {J.J. Jaw and A.R. Odoni and H.N. Psaraftis and N.H.M. Wilson},
  title = {A heuristic algorithm for the multi-vehicle advance-request dial-a-ride
	problem with time windows},
  journal = {Transportation Research Part B},
  year = {1986},
  volume = {20},
  pages = {243-257}
}

@ARTICLE{Jecko2002,
  author = {T. Jecko and J-C. Leger},
  title = {Polygon shortening makes (most) quadrilaterals circular},
  journal = {Bull. Korean Math. Society},
  year = {2002},
  volume = {39},
  pages = {97 - 111},
  number = {1},
  owner = {lehame},
  timestamp = {2010.09.27}
}

@INCOLLECTION{kleinberg,
  author = {J. Kleinberg},
  title = {Authoritative sources in a hyperlinked environment},
  booktitle = {Proceedings of the Ninth Annual ACM-SIAM Symposium of Discrete Algorithms},
  publisher = {ACM Press, New York},
  year = {1998},
  pages = {668-677}
}

@INCOLLECTION{LEcuyer-handbook-2004,
  author = {P. L'Ecuyer},
  title = {Random Number Generation},
  booktitle = {Handbook of Computational Statistics},
  publisher = {Springer-Verlag},
  year = {2004},
  chapter = {2},
  pages = {35--70},
  editors = {J. E. Gentle and W. Haerdle and Y. Mori}
}

@ARTICLE{langville,
  author = {A.N. Langville and C.D. Meyer},
  title = {A survey of eigenvector methods of web information retrieval},
  journal = {SIAM Review},
  year = {2005},
  volume = {47},
  pages = {135-161}
}

@ARTICLE{larsen,
  author = {A. Larsen},
  title = {The dynamic vehicle routing problem},
  journal = {PhD thesis, Technical University of Denmark},
  year = {2000}
}

@ARTICLE{larsen02,
  author = {A. Larsen and O. B. G. Madsen and M. Solomon},
  title = {Partially Dynamic Vehicle Routing – Models and Algorithms},
  journal = {Journal of the Operational Research Society},
  year = {2002},
  volume = {38},
  pages = {637-646}
}

@ARTICLE{Larsen2002,
  author = {A. Larsen and O. B. G. Madsen and M. Solomon},
  title = {Partially Dynamic Vehicle Routing ï¿½ Models and Algorithms},
  journal = {Journal of the Operational Research Society},
  year = {2002},
  volume = {38},
  pages = {637-646},
  __markedentry = {[lehame]},
  owner = {lehame},
  timestamp = {2010.09.27}
}

@BOOK{lave,
  title = {A Handbook for Acquiring Demand-Responsive Transit Software},
  publisher = {TCRP Report 18. Transportation Research Board},
  year = {1996},
  author = {R. E. Lave and R. Teal and P. Piras}
}

@ARTICLE{lempel,
  author = {Ronny Lempel and S. Moran},
  title = {The stochastic approach for link-structure analysis (SALSA) and the
	TKC effect},
  journal = {In The Ninth International WWW Conference, May 2000}
}

@ARTICLE{Lempel,
  author = {Ronny Lempel and S. Moran},
  title = {The stochastic approach for link-structure analysis ({SALSA}) and
	the TKC effect},
  journal = {In The Ninth International WWW Conference, May 2000},
  owner = {lehame},
  timestamp = {2010.09.27}
}

@ARTICLE{lipmann,
  author = {M. Lipmann and X. Lu and W. E. de Paepe and R. A. Sitters and L.
	Stougie},
  title = {On-line dial-a-ride problems under restricted information model},
  journal = {Algorithmica},
  year = {2004},
  volume = {40},
  pages = {319-329}
}

@ARTICLE{little-or-1961,
  author = {John D. C. Little},
  title = {A Proof of the Queueing Formula {$L = \lambda W$}},
  journal = {Operations Research},
  year = {1961},
  volume = {9},
  pages = {383/387},
  number = {9}
}

@ARTICLE{Madsen1995,
  author = {O.B.G. Madsen and H.F. Ravn and J.M. Rygaard},
  title = {A heuristic algorithm for the a dial-a-ride problem with time windows,
	multiple capacities, and multiple objectives},
  journal = {Annals of Operations Research},
  year = {1995},
  volume = {60},
  pages = {193-208},
  owner = {lehame},
  timestamp = {2010.09.27}
}

@ARTICLE{madsen,
  author = {O. B. G. Madsen and H. F. Ravn and J. M. Rygaard},
  title = {A heuristic algorithm for the a dial-a-ride problem with time windows,
	multiple capacities, and multiple objectives},
  journal = {Annals of Operations Research},
  year = {1995},
  volume = {60},
  pages = {193-208}
}

@ARTICLE{mageean,
  author = {J. Mageean and J. D. Nelson},
  title = {The evaluation of demand responsive transport services in Europe},
  journal = {Journal of Transport Geography},
  year = {2003},
  volume = {11},
  pages = {255-270},
  number = {4}
}

@ARTICLE{mata,
  author = {C. Mata and J. S. B. Mitchell},
  title = {Approximation algorithms for geometric tour and network design problems},
  journal = {In Proc. 11th Annual ACM Symposium on Computational Geometry},
  year = {1995},
  pages = {360-369}
}

@ARTICLE{Matsumoto-TOMACS-1998,
  author = {Makoto Matsumoto and Takuji Nishimura},
  title = {Mersenne twister: a 623-dimensionally equidistributed uniform pseudo-random
	number generator},
  journal = {ACM Trans. on Modeling and Computer Simulation},
  year = {1998},
  volume = {8},
  number = {1},
  month = jan
}

@ARTICLE{Melachrinoudis2007,
  author = {E. Melachrinoudis and A. B. Ilhan and H. Min},
  title = {A dial-a-ride problem for client transportation in a healthcare organization},
  journal = {Computers \& Operations Research},
  year = {2007},
  volume = {34},
  pages = {742-759},
  owner = {lehame},
  timestamp = {2010.09.27}
}

@ARTICLE{Melnikov1995,
  author = {M. S. Melnikov},
  title = {Analytic capacity: discrete approach and curvature of measure},
  journal = {Sbornik: Math.},
  year = {1995},
  volume = {186},
  pages = {827 - 846},
  number = {6},
  owner = {lehame},
  timestamp = {2010.09.27}
}

@BOOK{Meyer2000,
  title = {Matrix Analysis and Applied Linear Algebra},
  publisher = {SIAM, Philadelphia},
  year = {2000},
  author = {C. D. Meyer},
  owner = {lehame},
  timestamp = {2010.09.27}
}

@INCOLLECTION{Mitchell2000,
  author = {J.S.B. Mitchell},
  title = {Geometric shortest paths and network optimization},
  booktitle = {J.-R. Sack, J. Urrutia (Eds.), Handbook of Computational Geometry},
  publisher = {Elsevier, Amsterdam},
  year = {2000},
  owner = {lehame},
  timestamp = {2010.09.27}
}

@INCOLLECTION{mitchell,
  author = {J. S. B. Mitchell},
  title = {A PTAS for TSP with neighborhoods among fat regions in the plane},
  booktitle = {Proceedings of the eighteenth annual ACM-SIAM symposium on Discrete
	algorithms},
  publisher = {Society for Industrial and Applied Mathematics},
  year = {2007},
  pages = {11-18}
}

@ARTICLE{Mitchell1999,
  author = {J. S. B. Mitchell},
  title = {Guillotine subdivisions approximate polygonal subdivisions: a simple
	polynomial-time approximation scheme for geometric {TSP}, k-{MST},
	and related problems},
  journal = {SIAM J. Comput.},
  year = {1999},
  volume = {28},
  pages = {1298-1309},
  owner = {lehame},
  timestamp = {2010.09.27}
}

@ARTICLE{mitrovic02,
  author = {S. Mitrovic-Minic and R. Krishnamurti and G. Laporte},
  title = {Double-horizon based heuristics for the dynamic pickup and delivery
	problem with time windows},
  journal = {Transportation Research Part B},
  year = {2004},
  volume = {38},
  pages = {669-685}
}

@ARTICLE{mitrovic01,
  author = {S. Mitrovic-Minic and G. Laporte},
  title = {Waiting strategies for the dynamic pickup and delivery problem with
	time windows},
  journal = {Transportation Research Part B},
  year = {2004},
  volume = {38},
  pages = {635-655}
}

@ARTICLE{Mulley2009,
  author = {C. Mulley and J. D. Nelson},
  title = {Flexible transport services: A new market opportunity for public
	transport},
  journal = {Research in Transportation Economics},
  year = {2009},
  volume = {25},
  pages = {39-45},
  number = {1},
  __markedentry = {[lehame]},
  owner = {lehame},
  timestamp = {2010.09.27}
}

@ARTICLE{Nakayama1997,
  author = {K. Nakayama and H. Segur and M Wadati},
  title = {A discrete curve-shortening equation},
  journal = {Methods and Applications of Analysis},
  year = {1997},
  volume = {4},
  pages = {162 - 172},
  number = {2},
  owner = {lehame},
  timestamp = {2010.09.27}
}

@ARTICLE{Navidi-MobileComputing-2004,
  author = {W. Navidi and T. Camp},
  title = {Stationary Distributions for the Random Waypoint Mobility Model},
  journal = {{IEEE} Trans. on Mobile Computing},
  year = {2004},
  volume = {3},
  pages = {99-108},
  number = {1},
  month = {Jan-Mar}
}

@ARTICLE{ng,
  author = {Andrew Y. Ng and Alice X. Zheng and Michael I. Jordan},
  title = {Stable Algorithms for Link Analysis},
  journal = {SIGIR01, September 912, 2001, New Orleans, Louisiana, USA}
}

@ARTICLE{nomura,
  author = {S. Nomura andS. Oyama and T. Hayamizu and T. Ishida},
  title = {Analysis and improvement of HITS algorithm for detecting Web communities},
  journal = {Systems and Computers in Japan},
  year = {2004},
  volume = {35},
  pages = {32-42},
  number = {13}
}

@ARTICLE{palmer,
  author = {K. Palmer and M. Dessouky and T. Abdelmaguid},
  title = {Impacts of management practices and advanced technologies on demand
	responsive transit systems},
  journal = {Transportation Research Part A},
  year = {2004},
  volume = {38},
  pages = {495-509},
  number = {7}
}

@ARTICLE{papadimitriou,
  author = {C.H. Papadimitriou},
  title = {The Euclidean Travelling Salesman Problem is NP-Complete},
  journal = {Theoret. Comput. Sci.},
  year = {1977},
  volume = {4},
  pages = {237-244}
}

@ARTICLE{Papadimitriou1977,
  author = {C.H. Papadimitriou},
  title = {The Euclidean Travelling Salesman Problem is {NP}-Complete},
  journal = {Theoret. Comput. Sci.},
  year = {1977},
  volume = {4},
  pages = {237-244},
  owner = {lehame},
  timestamp = {2010.09.27}
}

@BOOK{parlett,
  title = {The Symmetric Eigenvalue Problem},
  publisher = {SIAM},
  year = {1997},
  author = {B. Parlett},
  series = {Classics in Applied Mathematics},
  owner = {lehame},
  timestamp = {2009.09.22}
}

@ARTICLE{Parragh2010,
  author = {S. N. Parragh and K. F. Doerner and R. F. Hartl},
  title = {Variable neighborhood search for the dial-a-ride problem},
  journal = {Computers \& Operations Research},
  year = {2010},
  volume = {37},
  pages = {1129-1138},
  owner = {lehame},
  timestamp = {2010.09.27}
}

@UNPUBLISHED{pavone,
  author = {M. Pavone and N. Bisnik and E. Frazzoli and V. Isler},
  title = {A Stochastic and Dynamic Vehicle Routing Problem with Time Windows
	and Customer Impatience},
  year = {2008},
  journal = {ACM/Springer Journal of Mobile Networks and Applications (MONET)}
}

@ARTICLE{pavone02,
  author = {M. Pavone and E. Frazzoli and F. Bullo},
  title = {Decentralized algorithms for stochastic and dynamic vehicle routing
	with general target distribution},
  journal = {In Proc. IEEE Conference on Decision and Control, New Orleans, LA},
  year = {2007}
}

@ARTICLE{Paxson1995,
  author = {V. Paxson and S. Floyd},
  title = {Wide area traffic: the failure of Poisson modeling},
  journal = {{IEEE/ACM} Transactions on Networking},
  year = {1995},
  volume = {3},
  pages = {226--244},
  number = {3},
  month = jun,
  __markedentry = {[lehame]},
  owner = {lehame},
  timestamp = {2010.09.27}
}

@BOOK{Polak2001,
  title = {Analytical Transport Economics: An International Perspective},
  publisher = {Edward Elgar Publishing Ltd},
  year = {2001},
  author = {J. B. Polak and A. Heertje},
  __markedentry = {[lehame]},
  owner = {lehame},
  timestamp = {2010.09.27}
}

@INCOLLECTION{powell,
  author = {W. B. Powell and B. Bouzaiene-Ayari and H. P. Simao},
  title = {Dynamic Models for Freight Transportation},
  booktitle = {Transportation},
  publisher = {Amsterdam: North-Holland},
  year = {2007a},
  pages = {285-365}
}

@INCOLLECTION{powell95,
  author = {W. B. Powell and P. Jaillet and A. Odoni},
  title = {Stochastic and Dynamic Networks and Routing},
  booktitle = {Network Routing},
  publisher = {Amsterdam: North-Holland},
  year = {1995},
  volume = {8},
  pages = {141-295}
}

@ARTICLE{psaraftis04,
  author = {H.N. Psaraftis},
  title = {Dynamic vehicle routing: status and prospects},
  journal = {Annals of Operations Research},
  year = {1995},
  volume = {61},
  pages = {143-164}
}

@ARTICLE{Psaraftis1995,
  author = {H.N. Psaraftis},
  title = {Dynamic vehicle routing: status and prospects},
  journal = {Annals of Operations Research},
  year = {1995},
  volume = {61},
  owner = {lehame},
  timestamp = {2010.09.27}
}

@INCOLLECTION{psaraftis03,
  author = {H.N. Psaraftis},
  title = {Dynamic vehicle routing problems},
  booktitle = {Vehicle routing: method and studies},
  publisher = {Amsterdam: North-Holland},
  year = {1988},
  pages = {223-248}
}

@ARTICLE{psaraftis02,
  author = {H.N. Psaraftis},
  title = {An exact algorithm for the single-vehicle many-to-many dial-a-ride
	problem with time windows},
  journal = {Transportation Science},
  year = {1983},
  volume = {17},
  pages = {351-357}
}

@ARTICLE{psaraftis01,
  author = {H.N. Psaraftis},
  title = {A dynamic programming approach to the single-vehicle, many-to-many
	immediate request dial-a-ride problem},
  journal = {Transportation Science},
  year = {1980},
  volume = {14},
  pages = {130-154}
}

@ARTICLE{quadrifoglio,
  author = {L. Quadrifoglio and M. Dessouky and F. Ordóñez},
  title = {A simulation study of demand responsive transit system design},
  journal = {Transportation Research Part A},
  year = {2008},
  volume = {42},
  pages = {718-737},
  number = {4}
}

@INCOLLECTION{Reich1989,
  author = {G. Reich and P. Widmayer},
  title = {Beyond Steiner’s problem: a {VLSI} oriented generalization},
  booktitle = {Lecture Notes in Comput. Sci.},
  publisher = {Springer, Berlin},
  year = {1989},
  volume = {411},
  pages = {196-210},
  owner = {lehame},
  timestamp = {2010.09.27}
}

@ARTICLE{Rodier1998,
  author = {C. J. Rodier and R. A. Johnston and D. R. Shabazian},
  title = {Evaluation of advanced transit alternatives using consumer welfare},
  journal = {Transportation Research Part C: Emerging Technologies},
  year = {1998},
  volume = {6},
  pages = {141-156},
  number = {1-2},
  __markedentry = {[lehame]},
  owner = {lehame},
  timestamp = {2010.09.27}
}

@ARTICLE{Ropke2006,
  author = {S. Ropke and D. Pisinger},
  title = {An Adaptive Large Neighborhood Search Heuristic for the Pickup and
	Delivery Problem with Time Windows},
  journal = {Transportation Science},
  year = {2006},
  volume = {40},
  pages = {455-472},
  number = {4},
  owner = {lehame},
  timestamp = {2010.09.27}
}

@BOOK{round,
  title = {Future ride: Adapting new technologies to paratransit in the United
	States},
  publisher = {Working Paper 306. University of California Transportation Center,
	UC Berkeley, CA},
  year = {1996},
  author = {A. Round and R. Cervero}
}

@ARTICLE{Safra2006,
  author = {S. Safra and O. Schwartz},
  title = {On the complexity of approximating {TSP} with neighborhoods and related
	problems},
  journal = {Computational Complexity},
  year = {2006},
  volume = {14},
  pages = {281-307},
  number = {4},
  bibsource = {DBLP, http://dblp.uni-trier.de},
  ee = {http://dx.doi.org/10.1007/s00037-005-0200-3},
  owner = {lehame},
  timestamp = {2010.09.27}
}

@ARTICLE{savelsbergh,
  author = {M.W.P. Savelsbergh},
  title = {The vehicle routing problem with time windows: minimizing route duration},
  journal = {ORSA Journal on Computing},
  year = {1992},
  volume = {4},
  pages = {146-154}
}

@ARTICLE{savelsbergh03,
  author = {M.W.P. Savelsbergh and M. Sol},
  title = {{DRIVE}: Dynamic routing of independent vehicles},
  journal = {Operations Research},
  year = {1998},
  volume = {46}
}

@ARTICLE{savelsbergh02,
  author = {M. W. P. Savelsbergh},
  title = {Local search in routing problems with time windows},
  journal = {Annals of Operations Research},
  year = {1985},
  volume = {4},
  pages = {285-305},
  number = {1}
}

@ARTICLE{sen,
  author = {A. K. Sen},
  title = {Social choice theory: a re-examination},
  journal = {Econometrica},
  volume = {45},
  pages = {53-89}
}

@ARTICLE{sen2,
  author = {A. K. Sen},
  title = {Collective Choice and Social Welfare},
  journal = {Holden-Day, San Francisco},
  year = {1970}
}

@BOOK{sexton01,
  title = {The single vehicle many-to-many routing and scheduling problem},
  publisher = {Ph.D. dissertation, SUNY at Stony Brook},
  year = {1979},
  author = {T. Sexton},
  owner = {lehame},
  timestamp = {2009.09.22}
}

@ARTICLE{sexton03,
  author = {T. Sexton and L. D. Bodin},
  title = {Optimizing single vehicle many-to-many operations with desired delivery
	times: II. Routing},
  journal = {Transportation Science},
  year = {1985b},
  volume = {19},
  pages = {411-435},
  owner = {lehame},
  timestamp = {2009.09.22}
}

@ARTICLE{sexton02,
  author = {T. Sexton and L. D. Bodin},
  title = {Optimizing single vehicle many-to-many operations with desired delivery
	times: I. Scheduling},
  journal = {Transportation Science},
  year = {1985a},
  volume = {19},
  pages = {378-410}
}

@BOOK{sihvola,
  title = {Passenger Pooling and Trip Combining Potential of High-Density Demand
	Responsive Transport},
  publisher = {Presented at the Annual Meeting of the Transportation Research Board,
	Washington D.C.},
  year = {2010},
  author = {T. Sihvola and L. H\"ame and R. Sulonen}
}

@INCOLLECTION{Simon1957,
  author = {H. Simon},
  title = {A Behavioral Model of Rational Choice},
  booktitle = {Models of Man, Social and Rational: Mathematical Essays on Rational
	Human Behavior in a Social Setting},
  publisher = {New York: Wiley},
  year = {1957},
  __markedentry = {[lehame]},
  owner = {lehame},
  timestamp = {2010.09.27}
}

@ARTICLE{Slavik1997,
  author = {P. Slavik},
  title = {The Errand Scheduling Problem},
  journal = {Technical report 97-02, Department of Computer Science and Engineering,
	SUNY Buffalo},
  year = {1997},
  owner = {lehame},
  timestamp = {2010.09.27}
}

@CONFERENCE{Smith2005,
  author = {S. L. Smith and M. E. Broucke and B. A. Francis},
  title = {Curve shortening and its application to multi-agent systems},
  booktitle = {IEEE Conf. on Decision and Control and European Control Conference,
	Seville, Spain},
  year = {2005},
  pages = {2817 - 2822},
  owner = {lehame},
  timestamp = {2010.09.27}
}

@ARTICLE{solomon,
  author = {M. M. Solomon},
  title = {Algorithms for the Vehicle Routing and Scheduling Problems with Time
	Window Constraints},
  journal = {Operations Research},
  year = {1987},
  volume = {35},
  pages = {254-265},
  number = {2},
  owner = {lehame},
  timestamp = {2009.09.22}
}

@ARTICLE{saez,
  author = {D. Sáez and C. Cortés and A. Núñez},
  title = {Hybrid adaptive predictive control for the multi-vehicle dynamic
	pick-up and delivery problem based on genetic algorithms and fuzzy
	clustering},
  journal = {Computers and Operations Research},
  year = {2008},
  volume = {35},
  pages = {3412-3438}
}

@ARTICLE{Si¿½ez2008,
  author = {D. Sï¿½ez and C. Cortï¿½s and A. Nï¿½ï¿½ez},
  title = {Hybrid adaptive predictive control for the multi-vehicle dynamic
	pick-up and delivery problem based on genetic algorithms and fuzzy
	clustering},
  journal = {Computers and Operations Research},
  year = {2008},
  volume = {35},
  pages = {3412-3438},
  __markedentry = {[lehame]},
  owner = {lehame},
  timestamp = {2010.09.27}
}

@ARTICLE{Talvitie1980,
  author = {A. Talvitie and Y. Dehghani},
  title = {Models for transportation level of service},
  journal = {Transportation Research Part B: Methodological},
  year = {1980},
  volume = {14},
  pages = {87-99},
  number = {1-2},
  __markedentry = {[lehame]},
  owner = {lehame},
  timestamp = {2010.09.27}
}

@ARTICLE{teal,
  author = {Roger F. Teal},
  title = {Journal of Intelligent Transportation Systems: Technology, Planning,
	and Operations},
  year = {1994},
  volume = {1},
  pages = {1547-2442},
  number = {3},
  owner = {lehame},
  timestamp = {2009.09.22}
}

@ARTICLE{teodorovic,
  author = {D. Teodorovic and G. Radivojevic},
  title = {A fuzzy logic approach to dynamic dial-a-ride problem},
  journal = {Fuzzy Sets and Systems},
  year = {2000},
  volume = {116},
  pages = {23-33}
}

@BOOK{toth03,
  title = {The vehicle routing problem},
  publisher = {Philadelphia, PA},
  year = {2002},
  author = {P. Toth and D. Vigo},
  incollection = {SIAM Monographs on Discrete Mathematics and Applications}
}

@ARTICLE{toth02,
  author = {P. Toth and D. Vigo},
  title = {Heuristic algorithms for the handicapped persons transportation problem},
  journal = {Transportation Science},
  year = {1997},
  volume = {31},
  pages = {60-71}
}

@INCOLLECTION{toth01,
  author = {P. Toth and D. Vigo},
  title = {Fast local search algorithms for the handicapped persons transportation
	problem},
  booktitle = {Meta-heuristics: theory and applications},
  publisher = {Boston: Kluwer},
  year = {1996},
  pages = {23-33}
}

@ARTICLE{tuomisto,
  author = {Jouni T Tuomisto and Marko Tainio},
  title = {An economic way of reducing health, environmental, and other pressures
	of urban traffic: a decision analysis on trip aggregation},
  journal = {BioMed Central, November 25},
  year = {2005},
  owner = {lehame},
  timestamp = {2009.09.22}
}

@ARTICLE{waisanen,
  author = {H.A. Waisanen and D. Shah and M.A. Dahleh},
  title = {A dynamic pickup and delivery problem in mobile networks under information
	constraints},
  journal = {{IEEE} Trans.\ on Automatic Control},
  year = {2008},
  volume = {53},
  pages = {1419-143}
}

@ARTICLE{wardman01,
  author = {M. Wardman},
  title = {Public transport values of time},
  journal = {Transport Policy},
  year = {2004},
  volume = {11},
  pages = {363-377},
  number = {4}
}

@ARTICLE{wardman02,
  author = {M. Wardman},
  title = {A review of British evidence on time and service quality valuations},
  journal = {Transportation Research Part E},
  year = {2001},
  volume = {37},
  pages = {107-128},
  number = {2-3}
}

@BOOK{westerlund,
  title = {Transport Telematics for elderly users: Successful Use of Automated
	Booking and Call-back for Demand Responsive Transport Services in
	Gothenburg},
  publisher = {Presented at 7th ITS World Congress, Turin, Italy},
  year = {2000},
  author = {Y. Westerlund and A. Ståhl and J. Nelson and J. Mageean}
}

@ARTICLE{wong,
  author = {K.I. Wong and M.G.H. Bell},
  title = {Solution of the dial-a-ride problem with multi-dimensional capacity
	constraints},
  journal = {International Transactions in Operational Research},
  year = {2006},
  volume = {13},
  pages = {195-208}
}

@ARTICLE{Xiang2008,
  author = {Z. Xiang and C. Chu and H. Chen},
  title = {The study of a dynamic dial-a-ride problem under time-dependent and
	stochastic environments},
  journal = {European Journal of Operational Research},
  year = {2008},
  volume = {185},
  pages = {534-551},
  owner = {lehame},
  timestamp = {2010.09.27}
}

@ARTICLE{Xiang2006,
  author = {Z. Xiang and C. Chu and H. Chen},
  title = {A fast heuristic for solving a large-scale static dial-a-ride problem
	under complex constraints},
  journal = {European Journal of Operational Research},
  year = {2006},
  volume = {174},
  pages = {1117-1139},
  owner = {lehame},
  timestamp = {2010.09.27}
}

@ARTICLE{Yang2002,
  author = {H. Yang and S.C. Wong and K.I. Wong},
  title = {Demand-supply equilibrium of taxi services in a network under competition
	and regulation},
  journal = {Transportation Research Part B},
  year = {2002},
  volume = {36},
  pages = {799-819},
  __markedentry = {[lehame]},
  owner = {lehame},
  timestamp = {2010.09.27}
}

@ARTICLE{Yang2005,
  author = {H. Yang and M. Ye and W. H.-C. Tang and S. C. Wong},
  title = {A Multiperiod Dynamic Model of Taxi Services with Endogenous Service
	Intensity},
  journal = {Operations Research},
  year = {2005},
  volume = {53},
  pages = {501-515},
  number = {3},
  __markedentry = {[lehame]},
  owner = {lehame},
  timestamp = {2010.09.27}
}

@ARTICLE{xiaoyan,
  author = {Xiaoyan Zhang and Michael W. Berry and Padma Raghavan},
  title = {Level search schemes for information filtering and retrieval},
  journal = {Information Processing and Management},
  year = {2001},
  volume = {37},
  pages = {313-334}
}

